2475 3284
273 226 483 277 sATJRARUM
501 227 569 277 ΜΒ.
590 227 611 277 I.
629 243 655 277 x.

126 359 281 424 Contemptis
293 359 352 409 aliis
364 360 466 424 explosa
476 360 616 409 Arbuscula
627 359 700 410 dixit.

124 443 183 492 Men
195 449 297 491 moveat
308 441 388 491 cimex
399 442 533 502 Pantilius,
547 449 591 491 aut
601 443 694 492 cruciet
704 441 769 507 quod

124 525 232 574 Vellicet
243 526 373 574 absentem
384 524 535 584 Demetrius,
547 531 592 573 aut
602 525 667 589 quod
678 525 778 590 ineptus

82 613 110 659 80
126 606 239 657 Fannius
250 607 416 671 Hermogenis
428 607 505 657 laedat
515 607 620 657 conviva
632 608 743 672 Tigelli?

126 689 224 739 Plotius
236 696 263 738 et
273 689 372 749 Varius,
384 690 509 741 Maecenas
520 689 698 755 virgiliusque,
904 702 949 741 Plo.
962 701 984 741 S.
993 701 1012 741 1.
1022 702 1042 740 5.
1051 701 1084 740 4ο.

126 771 232 836 Valgius
245 778 271 821 et
280 772 370 837 probet
380 771 433 821 haec
445 771 571 831 Octavius,
584 772 694 837 optimus
705 778 780 837 atque
909 786 954 825 Vol.
968 785 992 826 0.
1001 787 1020 826 2.
1030 786 1049 824 9.

127 855 222 904 Fuscus
234 861 260 904 et
270 855 322 904 haec
333 854 431 904 utinam
442 855 573 904 Viscorum
583 855 670 904 laudet
680 862 791 920 uterque.
904 870 955 910 Fui.
969 870 990 909 s.
999 871 1019 909 1.
1028 870 1047 909 9.
1057 869 1088 907 61.

127 936 271 988 Ambitione
283 939 394 1001 relegata
405 942 430 986 te
442 936 523 986 dicere
535 954 644 1003 possum,
905 957 960 995 amb,
973 956 994 996 s,
1004 957 1023 995 1.
1033 956 1052 995 6.
1062 957 1094 993 aa,
1125 930 1128 935 ¹

82 1024 110 1071 85
126 1019 216 1079 Pollio,
227 1027 261 1078 te,
273 1020 402 1079 Messalla,
413 1026 524 1069 tuocum
535 1021 613 1069 fratre
626 1019 747 1084 simulque
785 1061 788 1065 ⁴

127 1103 184 1161 uos,
196 1102 288 1153 atauo
300 1108 325 1151 ec
337 1101 414 1161 sera,
428 1101 503 1151 simui
514 1101 555 1150 ns
566 1108 599 1161 e,
611 1082 715 1151 cancta
726 1101 813 1161 sani,
905 1139 952 1169 m„
966 1129 991 1168 a.
1001 1129 1020 1167 1,
1029 1129 1049 1167 4,
1060 1129 1079 1166 „

129 1185 275 1250 Complures
287 1183 358 1245 alios,
370 1184 455 1233 doctos
468 1200 512 1248 ego
523 1200 584 1248 quos
596 1190 622 1233 et
633 1184 725 1233 amicos

128 1267 242 1317 Prudens
254 1274 387 1331 praetorem
405 1266 495 1331 quibus
507 1266 566 1325 haec,
579 1273 639 1315 sunt
650 1266 836 1332 qualiacunque,
903 1280 955 1319 W·
968 1269 995 1309 A·
1005 1269 1030 1309 P·
1039 1270 1084 1308 462.

130 1350 249 1400 Ainidere
260 1349 343 1417 velim,
356 1348 480 1399 doliturus
493 1348 515 1398 si
525 1350 642 1413 placeant
653 1366 696 1414 spe

85 1438 115 1484 90
132 1433 248 1483 Detenius
260 1439 353 1482 nostra.
387 1432 506 1491 Demetri,
519 1438 599 1497 teque,
611 1432 710 1496 Tigelli,

132 1518 319 1583 Discipularum
330 1517 396 1582 inter
403 1515 480 1582 jubeo
491 1517 589 1581 plorare
600 1516 740 1566 cathedras.

131 1601 153 1660 1,
164 1618 233 1666 puer,
246 1606 321 1664 atque
332 1616 387 1650 meo
398 1599 462 1649 citus
473 1599 526 1649 haec
538 1599 666 1650 subscribe
677 1599 771 1650 libello.

394 1739 427 1780 88.
440 1738 493 1781 slnt.
