2475 3284
245 201 246 205 ¹
333 240 402 290 Ans
420 241 574 291 nonum.

16 399 17 402 =
50 376 104 423 305
123 373 236 423 Reddere
247 390 301 438 qnae
312 374 404 423 ferrum
415 375 490 434 valet,
503 391 587 423 exsors
599 374 654 439 ipsa
666 374 764 423 secandi
774 392 781 434 ς

16 415 18 524 i
122 456 217 505 Munus
229 462 255 506 et
265 455 372 505 officium
384 457 421 505 nil
433 457 544 506 scribens
555 458 609 522 ipse
620 457 718 517 docebo,

16 529 18 572 i
122 538 197 588 Unde
208 545 327 603 parentur
337 555 404 603 opes,
416 538 476 604 quid
487 540 540 588 alat
551 541 688 605 formetque
698 545 811 605 poetam

16 617 18 676 1
123 622 191 677 Quid
201 622 294 681 deceat,
306 622 366 686 quid
377 639 441 682 non;
458 639 506 687 quo
517 623 605 683 virtus,
617 640 666 688 quo
677 625 743 675 ferat
753 640 827 673 error.

16 753 17 760 ,
123 705 251 754 Scribendi
262 711 327 754 recte
340 722 425 770 sapere
437 712 477 754 est
487 712 512 755 et
523 706 673 771 principium
685 713 710 755 et
721 708 791 756 fons:

49 790 103 836 310
123 788 187 837 Rem
198 788 246 837 tibi
258 787 389 838 Socraticae
399 795 517 853 poterunt
527 789 657 839 ostendere
668 790 766 849 chartae,
880 799 923 838 Soc.
937 798 961 837 c.
972 798 1074 837 11111.

16 815 18 906 i
123 871 255 935 Verbaque
266 872 392 936 provisam
403 889 456 921 rem
468 889 517 921 non
529 872 609 922 invita
620 880 760 938 sequentur.
935 849 1058 939 33:3¹1}

123 954 173 1009 Qui
183 953 278 1013 didicit,
290 955 378 1019 patriae
389 955 449 1019 quid
460 954 549 1004 debent
559 962 585 1014 et
595 956 656 1020 quid
666 956 760 1015 amiciS,

123 1037 178 1091 Quo
189 1037 224 1085 sit
234 1053 317 1086 amore
328 1054 426 1101 parens,
439 1055 487 1102 quo
498 1039 577 1087 frater
587 1038 708 1088 amandus
720 1046 746 1088 et
755 1039 854 1104 hospes,

123 1119 195 1174 Quod
207 1120 241 1169 sit
251 1120 392 1185 conscripti,
405 1121 470 1185 quod
476 1118 569 1185 judicis
581 1121 695 1180 officium,
708 1138 762 1186 qnae

50 1206 103 1253 315
122 1203 211 1252 Partes
223 1203 249 1252 in
260 1203 355 1252 bellum
367 1203 438 1257 missi
450 1204 527 1263 ducis,
539 1204 583 1253 ille
594 1201 705 1269 profecto

122 1285 235 1335 Reddere
246 1302 357 1351 personae
369 1287 416 1336 scit
427 1288 600 1337 convenientia
610 1289 705 1352 cuique.

122 1369 253 1434 Respicere
265 1371 392 1434 exemplar
401 1370 461 1420 vitas
471 1387 615 1435 morumque
623 1370 717 1436 jubebo

122 1452 228 1502 Doctum
239 1452 389 1502 imitatorem
401 1459 426 1502 et
436 1454 507 1503 vivos
518 1454 578 1504 hinc
589 1454 676 1516 ducere
687 1470 766 1504 voces

121 1536 251 1585 Interdum
264 1535 375 1600 speciosa
385 1536 447 1585 locis
456 1543 600 1601 morataque
611 1544 677 1586 recte

50 1623 101 1669 320
120 1618 225 1679 Fabula,
237 1620 331 1674 nullius
341 1619 447 1678 veneris,
460 1619 514 1669 sine
525 1619 633 1684 pondere
645 1626 671 1669 et
682 1627 744 1679 arte,
877 1643 928 1682 pon.
941 1632 966 1671 Ε.
976 1633 995 1671 ’1.
1005 1633 1023 1671 2.
1034 1632 1078 1671 111.

120 1701 226 1751 Valdius
237 1703 346 1752 oblectat
356 1703 476 1767 populum
487 1703 624 1767 meliusque
636 1709 748 1752 moratur

121 1785 203 1841 Quam
213 1802 300 1834 versus
312 1785 398 1850 inopes
409 1802 493 1835 rerum
504 1802 622 1850 nugaeque
634 1802 737 1835 cenorae.
782 1805 785 1811 ’
880 1812 929 1850 nuc.
943 1802 964 1841 s,
974 1804 993 1841 1.
1003 1803 1022 1840 9.
1032 1803 1051 1841 a.

939 1853 964 1892 E.
974 1854 993 1892 1.
1003 1855 1035 1891 10.
1044 1854 1076 1891 42.

118 1868 195 1917 Grais
207 1868 341 1931 ingenim,
354 1868 429 1918 Grais
440 1868 510 1917 dedit
522 1885 564 1918 ore
575 1869 683 1919 rotundo
879 1913 911 1943 or.
925 1903 946 1943 s·
956 1906 975 1943 1.
984 1906 1004 1943 4.
1012 1905 1045 1943 43.

118 1950 195 1999 Musa
205 1950 281 2014 loqui,
292 1957 383 2015 praeter
393 1951 493 2000 laudem
505 1952 599 2000 nullius
610 1952 702 2002 avaris.

50 2036 100 2084 325
118 2033 226 2082 Romani
239 2033 309 2098 pueri
320 2034 402 2097 longis
414 2034 553 2084 rationibus
565 2051 646 2084 assem

118 2116 228 2165 Discunt
237 2116 264 2165 iu
276 2120 360 2181 partes
371 2123 469 2165 centum
481 2116 602 2166 diducere.
636 2117 711 2166 Dicat

117 2199 200 2248 Filius
211 2195 307 2258 Albini,
320 2199 346 2249 si
358 2199 388 2248 da
400 2199 536 2263 quincunce
546 2205 642 2249 remota
654 2206 693 2248 est

117 2282 208 2342 Uncia,
217 2283 277 2347 quid
288 2284 406 2348 superet?
434 2283 537 2331 Poteras
546 2282 648 2331 dixisse.
678 2282 773 2331 Trione.
799 2283 851 2333 Eu!

117 2365 184 2414 Rem
195 2366 288 2431 poteris
300 2382 398 2415 servare
410 2372 486 2415 tunm.
521 2364 597 2414 Redit
607 2365 688 2424 uncia,
700 2365 760 2429 quid
770 2367 818 2415 fit?

49 2452 98 2499 330
117 2448 207 2498 Samis.
242 2450 277 2498 At
287 2449 339 2499 haec
350 2449 446 2498 animos
459 2464 540 2511 aerugo
552 2455 577 2497 et
588 2465 646 2497 curs
657 2448 737 2513 peculi
877 2473 928 2502 oeru.
940 2462 961 2502 S.
972 2463 990 2502 1.
999 2465 1019 2502 4.
1030 2463 1074 2502 101.

117 2532 183 2581 Cum
194 2533 270 2581 semel
281 2531 406 2589 imbuerit,
419 2547 547 2596 speramus
558 2531 669 2580 carmina
679 2531 741 2595 fingi

116 2614 196 2664 Posse
207 2613 308 2664 linenda
319 2614 392 2664 cedro
403 2620 428 2663 et
439 2614 488 2663 levi
501 2613 624 2663 servando
634 2615 769 2678 cupresso?

128 2772 174 2811 309.
189 2772 308 2819 imperent.
409 2772 536 2810 1111111111.
639 2770 683 2809 323.
697 2768 775 2809 Graiis.

127 2835 173 2875 327.
187 2835 318 2875 ?rem0tast.
407 2835 452 2875 328.
466 2834 558 2882 poterat.
636 2834 731 2873 3301111.
