2475 3284
534 257 536 264 ,
592 216 619 278 Q.
637 216 777 267 anm
793 216 920 267 Falco!

345 350 476 401 Interdum
487 348 572 416 pravis
584 349 699 399 obnoxia.
734 350 804 415 Saepe
816 355 917 399 notatus

345 434 409 484 Cum
420 433 501 483 tribus
512 432 610 492 anellis,
622 432 695 481 modo
706 434 771 482 laeva
782 432 883 482 Priscus
895 430 974 491 inani,

344 517 416 566 Vixit
426 515 563 580 inaequalis,
575 516 673 565 clavum
684 523 713 565 ut
724 522 834 565 mutaret
844 515 871 564 in
882 515 957 564 horas
967 531 973 574 ;

344 599 452 651 AEdibus
463 617 494 650 ex
505 598 602 663 magnis
615 599 698 649 subito
711 616 737 649 se
748 599 872 659 conderet,
885 597 950 648 unde

344 682 463 733 Mundior
473 682 553 732 exiret
562 681 607 730 vix
617 681 751 731 libertinus
762 681 869 731 honeste
879 698 885 741 ;

343 765 361 814 J
362 781 402 814 am
413 764 522 814 muschus
533 764 627 822 Romae,
635 761 690 828 jam
700 764 788 813 mallet
797 762 885 813 doctus
896 761 1004 812 Athenis

344 848 448 898 Vivere:
466 846 611 897 Vertumnis
623 853 744 911 quotquot
754 852 815 895 sunt
825 852 899 895 natus
911 844 1010 909 iniquis.

344 933 433 982 Scurra
444 930 599 989 Volenerius,
611 935 743 994 postquam
753 928 793 977 illi
800 926 871 994 justa
882 928 1002 991 cheragra

344 1012 464 1063 Contudit
474 1012 601 1071 articulos,
613 1011 657 1075 qui
668 1028 714 1076 pro
726 1028 752 1060 se
763 1011 863 1060 tolleret
873 1016 948 1075 atque

343 1097 458 1146 Mitteret
469 1094 496 1144 in
507 1094 620 1160 phimum
632 1094 705 1153 talos,
717 1093 829 1143 mercede
840 1092 931 1142 diurne.

117 1202 166 1242 pov.
180 1191 201 1232 s.
211 1193 230 1232 1.
240 1192 259 1232 6.
270 1191 314 1231 104.
344 1179 498 1229 Conductum
509 1177 592 1241 pavit:
610 1183 704 1241 quanto
715 1174 872 1226 constantior
882 1174 962 1224 isdem

343 1263 375 1312 In
387 1261 464 1321 vitiis,
477 1267 549 1310 tanto
560 1259 641 1309 levius
652 1259 729 1309 miser
740 1276 770 1309 ac
780 1258 849 1324 prior
859 1259 912 1318 illo,

343 1344 394 1400 Qui
401 1342 456 1409 jam
466 1349 590 1402 contento,
599 1341 655 1407 jam
665 1342 723 1392 laxo
733 1343 793 1391 fune
804 1342 910 1391 laborat.
1119 1345 1159 1391 20

116 1440 161 1487 pue.
176 1438 197 1477 s.
208 1437 226 1476 2.
237 1436 256 1475 3.
266 1436 298 1476 w.
343 1428 400 1478 Non
412 1426 478 1476 dices
490 1425 564 1475 hodie
576 1441 694 1489 quorsum
705 1424 758 1475 haec
769 1431 822 1474 tam
834 1424 922 1490 putida
933 1423 1046 1484 tendant,

343 1509 474 1559 Furcifer?
501 1507 542 1557 Ad
553 1514 585 1567 to,
597 1506 707 1572 inquam.
741 1508 796 1562 Quo
807 1514 888 1572 paeto,
899 1507 1024 1572 pessime?
1046 1506 1158 1557 Laudas

345 1592 483 1642 Fortunam
495 1596 521 1640 et
532 1606 613 1639 mores
625 1590 733 1653 antiquos
744 1590 833 1655 plebis,
845 1596 872 1640 et
881 1589 955 1649 idem,

345 1676 372 1742 Si
386 1675 442 1740 quis
454 1674 487 1724 ad
498 1673 544 1723 illa
555 1673 616 1722 deus
628 1672 712 1722 subito
722 1679 748 1723 te
759 1680 825 1738 agat,
836 1689 914 1738 usque
924 1689 1029 1733 recuses,

318 1793 321 1802 ,
344 1760 397 1808 Aut
407 1757 466 1822 quia
477 1773 527 1806 non
539 1756 617 1805 sentis
628 1756 694 1820 quod
705 1757 798 1805 clamas
809 1756 901 1805 rectius
912 1772 974 1815 esse,
1118 1759 1157 1807 25

343 1843 397 1892 Aut
406 1840 465 1905 quia
475 1856 525 1889 non
536 1840 623 1888 firmus
634 1845 730 1888 rectum
740 1839 854 1889 defendis
866 1845 892 1888 et
902 1838 982 1888 hoeres

345 1923 501 1989 Nequiquam
511 1939 579 1972 eaeno
589 1921 692 1987 cupiens
703 1922 808 1971 evellere
819 1923 941 1986 plantam.

344 2006 430 2056 Romae
440 2022 483 2054 rus
494 2012 580 2070 optas;
597 2005 727 2053 absentem
738 2003 845 2054 misticus
856 2004 945 2053 urbem

344 2089 424 2140 Tollis
435 2089 468 2139 ad
478 2095 546 2138 astra
557 2087 630 2137 levis.
666 2086 691 2136 Si
704 2103 826 2151 nusquam
838 2103 865 2135 es
876 2087 941 2136 forte
951 2091 1054 2135 vocatus

345 2172 386 2222 Ad
396 2188 489 2229 cenam,
501 2170 589 2220 laudas
601 2186 714 2219 securum
725 2171 780 2219 olus
791 2186 828 2229 ac,
840 2171 910 2218 velut
920 2185 1026 2233 usquam
1116 2173 1154 2218 30

344 2255 450 2304 Vinctus
462 2269 513 2314 ees,
524 2254 561 2302 ita
571 2259 597 2302 te
608 2253 706 2303 felicem
717 2252 780 2302 dicis
791 2269 916 2317 amesque,

345 2337 418 2394 Quod
429 2352 551 2401 nusquam
562 2335 610 2384 tibi
623 2336 658 2385 sit
668 2335 812 2400 potandum.
847 2336 864 2385 J
865 2334 957 2385 usserit
968 2335 1000 2384 ad
1012 2352 1039 2385 se

122 2434 172 2472 lum.
186 2431 211 2472 E.
221 2432 240 2471 2.
250 2432 269 2471 2.
279 2431 311 2472 98.
344 2421 468 2470 Maecenas
480 2435 562 2468 serum
574 2418 621 2468 sub
632 2418 728 2467 lumine
739 2418 820 2482 prime
830 2418 915 2468 venire

345 2503 498 2554 Convivam:
516 2501 613 2550 Nemon
626 2502 707 2549 oleum
718 2501 768 2549 fert
779 2500 865 2550 ocius?
882 2501 965 2565 ecquis
1100 2546 1103 2550 .

347 2584 448 2636 Audit?
465 2600 520 2634 cum
532 2599 623 2647 magno
634 2583 744 2631 blateras
755 2583 861 2633 clamore
873 2583 995 2648 iugisque.
1026 2571 1029 2576 ‚
1118 2589 1155 2636 35

396 2743 427 2785 18.
440 2742 521 2782 doctor.
571 2741 604 2780 27.
617 2740 768 2788 nequicquam,
777 2740 929 2790 nequidquam.
980 2744 1013 2784 34.
1027 2743 1090 2784 feret.

636 2805 668 2842 35.
681 2803 785 2852 furimus.
