2475 3284
266 229 475 281 ssrrrssrn
492 231 558 282 rin.
575 232 609 284 u,
627 231 669 283 vii.
1034 235 1094 293 225
1187 307 1191 313 ,

112 360 228 411 Mulvius
240 369 267 412 et
277 380 368 413 sourrae
379 361 426 413 tibi
438 380 488 413 non
498 364 629 414 referenda
640 363 735 430 precati
894 386 935 416 scu.
948 376 973 417 E.
984 378 1002 416 1.
1013 378 1044 416 15.
1055 377 1087 416 23.

113 445 263 495 Discedunt.
295 445 398 495 Etenim
409 448 489 496 fateor
500 464 547 506 ms,
559 446 653 496 dixerit
663 447 715 506 ills,

113 528 180 577 Duri
190 535 278 578 ventre
290 529 378 587 levem,
391 545 480 579 nasum
491 529 578 579 nidore
590 529 701 594 supinor,

115 611 269 671 Imbecillus,
281 610 355 671 insrs,
368 612 389 660 si
401 611 461 676 quid
471 612 518 672 ris,
530 611 600 672 adde,
612 612 704 678 popino
711 630 718 673 ;

64 698 98 743 40
115 695 155 744 Tu
165 710 221 744 oum
233 694 268 743 sis
279 694 346 759 quod
357 711 402 759 ego
413 701 439 744 st
449 695 565 744 fortassis
578 696 689 760 nequior,
701 697 769 746 ultro

116 777 242 828 Inseetsrs
252 778 323 827 velut
333 776 421 826 melior
432 777 563 841 verbisque
574 778 670 827 decoris

117 860 244 909 ObroIvas
256 858 364 909 vitium?
398 859 472 919 Quid,
484 860 506 909 si
518 877 557 909 me
569 860 671 910 stultior
681 859 737 925 ipso

117 941 267 1005 Quingentis
279 947 362 1006 empto
373 942 498 991 drachmis
509 941 687 1007 deprenderis?
721 944 800 993 Aufer

117 1027 160 1075 Me
171 1027 242 1075 voltu
253 1032 360 1086 terrere;
377 1043 479 1075 manum
491 1026 691 1091 stomachumque
703 1033 793 1086 teneto,

4 1161 5 1164 ,
67 1112 100 1158 45
117 1109 184 1158 Dum
194 1124 249 1173 quae
261 1108 372 1173 Crispini
383 1108 468 1158 docuit
478 1126 518 1158 me
525 1108 621 1174 janitor
633 1109 687 1159 edo.
897 1131 939 1171 erg,
953 1131 974 1171 s,
985 1132 1003 1170 1.
1014 1133 1032 1170 ι,
1044 1131 1088 1169 120.

118 1192 153 1241 Te
164 1190 253 1257 conjux
264 1191 348 1241 aliena
358 1192 433 1257 oepit,
445 1192 603 1242 meretricula
615 1192 727 1242 Davum:

117 1275 206 1324 Peocat
215 1282 272 1324 uter
284 1281 397 1324 nostrum
407 1291 477 1324 eruce
489 1274 611 1339 dignius?
645 1275 717 1325 Acris
729 1275 773 1325 ubi
784 1292 824 1326 me

117 1359 215 1408 Natura
225 1358 342 1418 intendit,
354 1359 400 1407 sub
412 1358 479 1407 clara
491 1358 558 1408 nuda
569 1360 671 1408 lucerna

117 1442 282 1505 Quaecumque
293 1440 390 1505 excepit
400 1441 524 1504 turgentis
535 1441 640 1490 verbera
651 1441 741 1502 caudes,

69 1527 101 1573 50
119 1524 240 1574 Clunibus
251 1530 296 1573 aut
306 1523 413 1587 agitavit
423 1540 512 1588 equum
524 1523 618 1573 lasciva
630 1522 755 1588 supinum,

118 1607 232 1656 Dimittit
243 1623 321 1671 neque
333 1608 455 1656 famosum
467 1622 544 1670 neque
556 1605 698 1667 sollicitum,
710 1624 742 1656 ne

118 1690 201 1739 Ditior
211 1696 256 1739 aut
267 1677 354 1739 formai
364 1689 475 1738 melioris
486 1689 562 1738 meiat
573 1688 667 1738 eodem.

118 1773 156 1821 Tu
166 1789 221 1822 cum
233 1770 349 1837 projectis
361 1771 510 1835 insignibus,
522 1772 598 1820 anulo
609 1771 719 1835 equestri

53 1860 55 1863 ⁴
118 1855 278 1919 Romanoque
289 1854 385 1913 habitu,
399 1854 483 1919 prodis
495 1872 525 1903 ex
533 1853 617 1919 judice
629 1855 711 1904 Dama

4 1997 5 2004 χ
70 1943 101 1989 55
118 1938 216 2002 Turpis,
229 1937 358 1987 odoratum
369 1943 444 2001 caput
454 1938 600 1987 obscurante
611 1938 718 1995 lacerna,

4 2019 5 2050 ¹
117 2021 174 2070 Non
185 2037 212 2069 es
224 2020 289 2085 quod
301 2020 423 2069 simulas?
456 2020 573 2069 Metuens
584 2020 709 2069 induceris
720 2026 794 2085 atque

117 2104 261 2154 Altsrcante
273 2102 421 2152 libidinibus
433 2102 520 2152 tremis
532 2119 588 2152 ossa
600 2119 699 2167 pavore.

118 2185 183 2242 Quid
194 2187 278 2244 refert,
290 2185 339 2244 uri,
351 2185 429 2249 virgis
440 2187 552 2250 ferroque
565 2185 647 2234 necari

117 2273 266 2320 Auctoratus
278 2286 328 2328 eas,
340 2286 374 2318 en
385 2268 452 2334 turpi
464 2270 563 2317 clausus
574 2269 601 2317 in
613 2285 678 2329 arca,

68 2357 99 2403 60
117 2354 171 2409 Quo
182 2359 207 2402 te
218 2351 320 2401 demisit
331 2351 425 2416 peccati
435 2352 533 2402 conscia
544 2352 621 2412 erilis,
892 2395 935 2424 con·
946 2383 966 2424 S.
977 2385 995 2424 ,¹
1006 2386 1024 2423 2.
1036 2385 1079 2424 1:30.

117 2437 279 2486 Contractum
289 2436 395 2500 genibus
406 2442 496 2499 tangas
508 2438 602 2499 caput?
635 2436 715 2486 Estne
726 2437 817 2488 marito

117 2520 240 2569 Matronae
251 2519 376 2584 peccantis
388 2518 415 2567 in
427 2520 500 2568 ambo
507 2516 578 2584 justa
589 2523 718 2583 potestas?

117 2604 148 2653 In
159 2609 328 2669 corruptorem
338 2603 379 2654 rel
385 2600 486 2667 justior.
519 2602 569 2651 Illa
580 2608 664 2652 tamen
676 2620 703 2653 se

413 2772 445 2811 60.
458 2770 540 2811 herilis.

461 2849 478 2889 Q
