2475 3284
608 221 636 282 Q.
652 220 792 271 HORATI
808 219 935 304 Fasces

343 345 462 405 'interea
474 370 594 420 suspensa
604 353 689 419 gravis
701 354 780 403 aiilaea
790 352 877 402 ruinas

362 438 394 487 Iu
405 438 518 502 patinam
529 438 614 497 fecere,
627 437 753 486 trahentia
764 436 874 502 pulveris
885 435 935 485 atri

363 521 490 576 Quantum
501 537 550 570 non
561 520 654 585 Aquilo
665 519 800 585 Campanis
811 519 903 568 excitat
913 516 1006 588 agris„

362 603 415 652 Nos
426 601 507 668 majus
518 593 600 663 veriti,
612 609 745 668 postquam
756 602 821 652 nihil
832 618 886 651 esse
896 600 984 666 pericli

362 686 496 747 Sensimus,
509 686 641 751 erigimur;
659 686 741 735 Rufus
752 685 834 750 posito
845 683 934 749 capite,
946 690 976 734 ut
986 683 1008 733 si

361 769 442 819 Filius
453 770 600 819 immaturus
611 769 712 828 obisset,
723 769 789 818 flere.
823 768 885 823 Quis
897 774 963 818 esset

361 852 440 912 Finis,
452 851 479 901 ni
491 852 590 917 sapiens
602 851 639 901 sic
649 851 821 900 Nomentanus
831 850 938 899 amicum

361 936 485 985 Tolleret:
502 935 569 995 Heu,
580 934 700 994 Fortuna,
712 933 769 998 quis
781 941 820 983 est
831 933 954 983 crudelior
964 932 991 981 in
1003 949 1051 982 nos

361 1019 396 1068 Te
408 1019 487 1070 deus?
520 1019 559 1069 Ut
569 1034 667 1083 semper
677 1017 770 1081 gaudes
781 1017 886 1066 illudere
897 1017 972 1065 rebus

361 1100 500 1151 Humanis!
534 1100 626 1149 Varius
637 1116 729 1164 mappa
740 1116 891 1164 compescere
901 1098 981 1147 risum

360 1182 411 1231 Vix
421 1188 525 1247 poteret.
560 1182 664 1232 Balatro
675 1181 828 1247 suspendens
839 1181 923 1231 omnia
934 1197 1004 1239 naso,

361 1266 423 1315 Haee
434 1272 472 1316 est
482 1265 593 1315 condicio
603 1264 712 1324 vivendi,
725 1265 815 1325 aiebat,
827 1281 903 1329 eoque

360 1349 521 1413 Responsura
531 1355 574 1398 tuo
586 1364 720 1412 numquam
732 1354 771 1398 est
780 1365 828 1413 par
837 1350 906 1398 fama
915 1347 1004 1398 labori.

304 1472 310 1484 .
361 1432 436 1490 Tene,
447 1437 477 1480 ut
487 1448 532 1495 ego
543 1431 651 1495 accipiar
661 1431 736 1489 laute,
748 1430 884 1495 torquerier
895 1429 962 1479 omni

269 1523 274 1535 ·
310 1522 316 1535 “
361 1513 531 1564 Sollicitudine
542 1513 691 1571 districtum,
704 1530 734 1562 ne
745 1514 818 1578 panis
830 1513 943 1573 adustus,

361 1598 400 1647 Ne
411 1599 476 1648 male
487 1596 613 1647 eonditum
620 1594 664 1661 jus
676 1602 822 1661 apponatur,
835 1602 865 1645 ut
876 1612 961 1646 omnes

277 1722 282 1734 .
311 1704 317 1742 ;
361 1678 491 1730 Praecincti
503 1685 568 1728 recte
579 1678 649 1743 pueri
661 1679 800 1743 comptique
811 1677 974 1729 ministrent?

304 1771 311 1785 ·
361 1762 432 1821 Addo
442 1762 487 1811 hos
498 1767 618 1826 praterea
629 1777 709 1820 casus,
722 1762 801 1810 aulaea
812 1768 887 1809 ruant
898 1761 927 1821 si,

361 1846 399 1894 Ut
409 1844 497 1905 mod0;
514 1844 536 1894 si
547 1843 661 1910 patinam
672 1842 735 1907 pede
745 1844 832 1908 lapsus
844 1844 945 1906 frangat
955 1858 1038 1907 agaso.

361 1928 410 1977 Sed
420 1926 593 1985 convivatoris,
604 1926 643 1975 uti
654 1925 732 1986 ducis,
744 1926 871 1990 ingenium
881 1941 922 1975 res

360 2010 478 2060 Adversae
489 2009 582 2059 nudare
595 2011 683 2068 solent,
695 2011 775 2059 celare
786 2009 905 2059 secundae.

360 2093 510 2143 Nasidienus
523 2092 555 2142 ad
565 2092 632 2142 haec:
651 2092 708 2141 Tibi
721 2092 754 2141 Di
765 2108 922 2156 quaecumque
933 2090 1041 2156 preceris

360 2176 494 2227 Commoda
505 2176 578 2226 dentl
596 2175 633 2225 ita
643 2175 774 2225 virbonus
786 2191 812 2224 es
824 2175 974 2239 convivaque
985 2173 1061 2223 comis
1072 2190 1078 2233 3

360 2260 395 2309 Et
406 2261 485 2309 soleas
496 2259 583 2324 poscit.
617 2259 683 2307 Timr
693 2257 720 2307 in
732 2258 795 2308 lecto
806 2274 901 2323 quoque
911 2256 1008 2307 videres

360 2340 468 2391 Stridore
480 2347 573 2391 secreta
584 2340 679 2390 divisos
691 2357 750 2390 aure
762 2357 883 2390 susurros.

361 2424 450 2473 Nullos
461 2424 501 2473 his
512 2425 613 2473 mallem
625 2423 697 2473 ludos
709 2429 848 2488 spectasse;
866 2423 910 2472 sed
921 2423 967 2472 illa

360 2506 453 2566 Redde,
465 2522 518 2571 age,
530 2522 584 2571 quar
595 2506 711 2571 deinceps
723 2505 811 2556 risisti.
845 2505 961 2555 Vibidius
972 2505 1032 2556 dum

360 2589 456 2645 Quaerit
466 2589 496 2639 de
507 2589 598 2654 pueris,
610 2606 672 2638 num
683 2589 718 2638 sit
728 2605 824 2653 quoque
835 2590 915 2638 fracta
925 2590 1022 2653 lagena,

361 2673 433 2729 Quod
443 2673 492 2723 sibi
503 2671 613 2739 poscenti
626 2688 675 2721 non
686 2671 779 2720 dantur
788 2672 884 2736 pocula,
895 2670 1002 2736 dumque

695 2802 727 2843 54.
741 2811 823 2851 graves.
