2475 3284
74 196 76 198 ’
99 210 157 270 220
571 210 599 271 o.
616 210 756 261 norm
772 209 901 260 uereor

322 341 462 406 Ingenium,
474 348 549 408 utque
561 345 634 404 soles,
646 351 729 394 custos
740 342 802 393 mihi
813 341 937 392 maximus
949 342 1026 394 edsis.
1101 345 1140 393 15

99 432 130 473 16.
144 432 169 473 c.
178 433 198 473 3.
207 433 227 473 4,
236 432 269 472 21.
322 424 389 489 Ergo
400 426 443 475 ubi
454 443 494 476 me
505 426 532 475 in
542 428 637 476 montis
648 433 674 477 et
684 427 711 476 in
723 427 805 477 n'rcem
816 444 847 476 ex
857 427 919 476 urbe
930 426 1032 488 removi,

94 518 143 567 ped.
157 516 180 556 c.
191 516 282 557 2129.
323 508 390 563 Quid
401 508 470 573 prius
482 509 606 559 illustrem
617 509 703 560 satiris
715 526 834 574 musaque
845 508 976 574 pedestri?

155 567 183 607 A·
192 568 218 606 P.
227 568 260 607 ⁹⁶·
322 590 375 640 Neo
385 592 452 640 mals
462 608 502 641 me
513 592 617 642 ambitio
629 592 713 657 perdit
723 608 768 641 nec
778 593 910 657 plumbeus
921 594 1016 641 Auster

99 690 130 729 ¹9·
145 677 169 719 0.
179 679 241 717 1123.
252 678 271 716 8.
322 675 511 738 Autumnusque
521 675 613 739 gravis,
626 674 745 724 Libitinae
755 681 863 738 questus
875 676 976 725 eeerbae.

98 730 141 769 Μ’
155 728 181 819 (3³¹,
189 729 280 820 3137067
322 755 448 805 Matutine
458 764 536 821 pater,
549 773 593 806 seu
603 758 621 807 J
621 774 668 807 ane
679 756 800 807 libentius
811 756 892 815 sudis,
1096 759 1136 805 20

323 838 397 888 Unde
407 839 521 889 homines
533 856 635 905 operum
646 840 740 904 primos
751 838 857 911 vitaeque
869 839 967 888 labores

322 921 534 973 Instituunt-sie
544 922 584 972 dis
595 923 757 989 placitum—,
770 928 798 971 tu
809 922 928 972 carminis
940 928 994 972 esto

97 1029 140 1068 epo.
154 1017 279 1058 Ε.2.2,61.
323 1004 485 1069 Principium.
520 1005 606 1055 Romae
618 1021 762 1071 sponsorem
773 1022 813 1054 me
823 1004 901 1069 rapis.
936 1003 993 1070 Eja,

323 1087 362 1136 Ne
373 1087 442 1152 prior
452 1088 533 1138 officio
544 1088 675 1152 quisquam
686 1087 842 1153 respondeat,
854 1104 922 1151 urge.

99 1171 200 1229 remp.
211 1179 243 1219 16.
252 1180 285 1219 64.
324 1169 381 1218 Sive
392 1169 484 1233 Aquilo
494 1170 562 1219 redit
572 1176 652 1220 terres
665 1188 709 1220 seu
720 1171 809 1220 brumn
820 1169 931 1219 nivalem
1097 1172 1133 1220 25

323 1251 445 1302 Interiore
457 1252 523 1302 diem
533 1269 595 1317 gyro
606 1253 694 1313 trahit,
703 1253 740 1302 ire
752 1270 850 1303 necesse
862 1260 908 1303 est.

323 1333 465 1394 Postmodo,
478 1335 543 1399 quod
553 1336 589 1384 mi
601 1336 675 1395 obsit,
687 1337 752 1385 clare
764 1343 906 1400 certumque
917 1337 1000 1385 locuto

323 1417 479 1467 Luotundum
490 1418 518 1467 in
529 1419 604 1468 turbe
615 1425 642 1467 et
652 1417 766 1468 faciende
777 1416 870 1483 injuris
880 1418 968 1468 tardis.

324 1500 448 1561 Quidvis,
460 1500 557 1561 inssne,
569 1507 595 1550 et
605 1518 667 1565 quas
678 1518 718 1550 res
730 1503 805 1565 agis?
822 1501 950 1566 improbus
961 1508 1034 1564 urget

324 1582 401 1632 lratis
412 1583 542 1647 preeibus;
560 1590 589 1632 tu
599 1585 685 1648 pulses
697 1601 768 1633 omne
780 1584 845 1648 quod
857 1586 948 1643 obstet,
1097 1586 1131 1633 30

324 1665 365 1715 Ad
375 1666 537 1716 Maecenetem
548 1665 651 1716 memori
663 1666 685 1716 si
696 1673 779 1716 mente
791 1684 911 1717 renunes.

324 1748 380 1798 Hoe
387 1747 461 1814 juvet
471 1756 497 1799 et
506 1749 576 1799 melli
587 1756 626 1799 est
635 1768 642 1810 ;
659 1767 709 1800 non
720 1750 844 1810 mentiar3
862 1757 890 1799 at
901 1750 976 1798 simul
987 1755 1057 1798 etrus

101 1853 148 1901 Ep,
161 1852 183 1892 s,
193 1853 211 1891 1.
221 1852 241 1892 8.
251 1852 283 1891 14.
324 1833 434 1881 Ventum
445 1838 484 1881 est
494 1832 630 1897 Esquilias,
642 1832 725 1882 eliens
736 1833 836 1896 negotia
846 1839 945 1881 eentum

324 1915 374 1964 Per
384 1922 459 1980 eaput
469 1921 495 1964 et
505 1915 570 1965 emon
581 1916 677 1965 saliunt
687 1916 763 1964 latus.
796 1917 864 1965 Ante
876 1914 1010 1964 secundnm

100 2011 146 2050 ade.
159 2010 180 2049 S.
191 2011 210 2048 1.
220 2010 239 2048 9.
249 2011 282 2052 38.
325 1997 430 2048 Roscius
442 2000 530 2048 orabat
541 1999 590 2048 sibi
601 1998 701 2048 adesses
713 1998 746 2048 ud
756 1998 846 2047 Puteal
858 2015 921 2048 eres.
1098 2000 1131 2046 35

100 2062 146 2151 {Zur}
154 2061 286 2151 ἒρἶὲζξ·
325 2080 363 2130 De
375 2098 401 2130 re
412 2080 536 2130 communi
549 2081 637 2130 seribae
648 2097 739 2145 magne
751 2088 825 2145 etque
836 2096 901 2130 nove
912 2087 937 2129 te

326 2164 438 2213 Orsbent
449 2163 522 2212 hodie
533 2163 697 2223 meminisses,
709 2163 809 2222 Quinte,
821 2162 921 2212 reverti.

324 2246 458 2311 Imprimet
468 2246 508 2295 his
519 2262 578 2295 eura
588 2247 712 2295 Maeeenes
724 2245 796 2309 signu
807 2245 917 2295 tabellis.

325 2329 434 2390 Dixeris,
445 2329 581 2394 Experiar:
599 2328 626 2377 Si
638 2328 685 2387 vis,
697 2334 775 2393 potes,
789 2327 860 2377 eddit
871 2334 897 2377 et
907 2327 994 2376 instet.
1016 2347 1037 2423 ps

326 2413 451 2477 Septimus
463 2419 550 2461 oetevo
561 2411 662 2476 propior
669 2409 724 2475 jam
735 2411 828 2475 fugerit
839 2427 927 2470 annus,
1097 2413 1128 2458 40

326 2495 425 2559 Exque
436 2494 559 2543 Maecenes
570 2511 610 2542 me
621 2492 695 2558 eoepit
705 2493 797 2542 habere
809 2510 910 2543 suorum

325 2576 357 2625 In
369 2592 477 2634 numero,
489 2575 620 2624 dumtaxat
630 2574 663 2623 ad
674 2575 727 2634 hoe,
738 2592 811 2639 quem
822 2576 910 2625 tollere
921 2574 981 2625 rede
1005 2573 1011 2582 '

402 2733 434 2772 16.
448 2735 538 2771 montes.
654 2734 687 2772 29.
700 2732 753 2781 quid
761 2732 804 2771 tibi
811 2732 858 2782 vis3
871 2732 1055 2782 eglsimprobus?

428 2796 461 2835 32.
475 2796 486 2835 1
499 2795 587 2837 meunt.
645 2797 678 2836 ³3.
692 2797 832 2836 evenmmst.
908 2797 942 2837 42.
955 2796 1029 2836 rheda.
