2475 3284
287 212 496 264 srTIRARUM
512 214 578 264 ΗΒ.
595 215 615 265 Ι.
633 214 669 264 iii

126 343 220 410 Turpia
231 344 361 410 decipiunt
371 361 462 396 caecum
472 346 543 406 vitia,
555 347 687 397 autetiam
698 347 753 414 ipsa
764 349 816 399 haec

79 433 110 479 40
126 430 266 488 Delectant,
278 428 357 479 veluti
368 428 503 478 Balbinum
514 430 620 495 polypus
633 431 737 495 Hagnae.

126 513 223 562 Vellem
235 512 262 562 in
273 511 384 561 amicitia
395 511 431 562 sic
442 529 582 562 erraremus
594 520 619 563 et
630 513 674 563 isti

126 595 214 646 Errori
227 612 317 645 nomen
328 594 409 646 virtus
420 595 545 660 posuisset
554 597 694 646 honestum.

128 682 164 729 Αι
176 685 248 744 pater
258 685 288 728 ut
297 678 375 743 gnati,
388 678 424 728 sic
435 695 481 728 nos
492 679 609 728 debemus
621 680 695 729 amici

127 761 154 811 Si
165 761 232 826 quod
244 761 279 810 sit
289 761 380 811 vitium
392 778 441 811 non
453 761 581 811 fastidire:
599 764 742 812 strabonem

79 849 112 897 45
129 845 250 910 Appellat
260 850 352 909 paetum
363 851 442 909 pater,
454 852 480 894 ct
490 846 594 909 pullum,
606 847 671 895 male
682 864 775 911 parvus

127 928 153 978 Si
164 928 204 978 cui
215 928 282 977 filius
294 935 340 988 cst,
351 934 381 977 ut
392 929 521 978 abortivus
533 929 583 978 fuit
593 929 655 978 olim

127 1009 264 1076 Sisyphus:
281 1010 348 1060 hunc
358 1027 446 1060 varum
457 1011 571 1061 distortis
582 1012 704 1073 cruribus,
716 1013 789 1063 illum

127 1093 243 1143 Balbutit
253 1110 368 1143 scaurum
379 1094 463 1159 pravis
475 1095 567 1144 fultum
578 1096 644 1145 male
655 1097 723 1147 talis.

127 1175 230 1225 Parcius
240 1175 282 1226 hic
292 1175 372 1227 vivit:
390 1176 457 1241 frugi
468 1177 572 1228 dicatur.
607 1179 712 1243 Ineptus

75 1262 110 1309 50
127 1258 161 1308 Ει
168 1257 306 1325 jactantior
315 1259 357 1309 hic
368 1261 443 1324 paulo
454 1267 505 1310 est:
523 1260 657 1310 concinnus
668 1261 755 1311 amicis

127 1343 244 1392 Postulat
254 1349 284 1391 ut
294 1342 417 1393 videatur.
451 1346 486 1393 As
497 1350 535 1393 est
546 1344 710 1394 truculentior
721 1353 794 1409 atque

127 1425 189 1474 Plus
201 1440 271 1489 aquo
282 1424 360 1475 liber:
379 1425 484 1490 simplex
496 1427 617 1492 fortisque
629 1428 758 1478 habeatur.

128 1508 230 1559 Caldior
240 1515 291 1558 est:
310 1508 374 1558 acris
385 1509 452 1559 inter
463 1517 612 1561 numeretur.
648 1511 749 1576 opinor,

127 1592 189 1641 Haec
199 1609 239 1642 res
252 1598 277 1642 et
283 1590 376 1658 jungit,
384 1590 484 1658 junctos
496 1600 522 1643 et
533 1600 617 1644 servat
627 1595 727 1645 amicos.

78 1679 111 1725 55
127 1677 163 1724 At
174 1692 219 1725 nos
230 1676 338 1725 virtutes
349 1675 418 1741 ipsas
429 1676 576 1726 invertimus
588 1683 662 1741 atque

128 1757 255 1807 Sincerum
267 1758 379 1823 cupimus
391 1775 436 1809 vas
448 1759 594 1809 incrustare.
628 1760 725 1809 Probus
737 1760 792 1826 quis

127 1839 263 1889 Nobiscum
274 1840 346 1899 vivit,
358 1842 465 1890 multum
476 1842 599 1892 demissus
610 1843 700 1893 homo:
719 1843 758 1893 illi

127 1923 209 1972 Turdo
219 1939 362 1988 cognomen,
374 1924 461 1989 pingui
473 1924 569 1975 damus.
604 1926 655 1976 Hic
665 1927 731 1991 fugit
742 1944 826 1977 omncs

126 2007 237 2057 Insidias
249 2007 361 2072 nullique
372 2008 438 2057 malo
450 2008 517 2057 latus
529 2008 599 2059 obdit
610 2016 732 2074 apertum,

14 2156 19 2160 ι
79 2093 110 2140 60
127 2089 191 2141 Cum
201 2106 279 2154 genus
291 2090 338 2140 hoc
348 2090 415 2139 inter
425 2090 483 2140 vitae
494 2098 614 2151 versetur,
627 2092 671 2141 ubi
683 2092 747 2141 acris

126 2173 228 2228 insidia
239 2180 313 2239 atquo
323 2173 409 2238 vigent
420 2174 464 2223 ubi
475 2173 595 2224 crimina:
612 2192 658 2240 pro
668 2177 731 2225 bene
743 2192 804 2247 sano

127 2259 164 2306 Ac
175 2273 224 2306 non
236 2257 335 2306 incauto
345 2258 430 2306 fictum
441 2264 599 2322 astutumque
608 2275 732 2309 vocamus.

127 2339 268 2405 Simplicior
278 2340 334 2405 quis
345 2347 372 2389 et
382 2347 428 2399 est,
440 2341 539 2404 qualem
550 2357 589 2390 me
601 2359 666 2406 saepe
678 2343 785 2392 libenter

128 2422 268 2473 Obtulerim
278 2422 334 2483 tibi,
345 2423 477 2482 Musones,
489 2429 518 2472 ut
528 2424 593 2472 forte
604 2424 727 2488 legentem

79 2509 111 2558 65
126 2508 180 2556 Aut
190 2506 294 2555 taciturn
305 2505 420 2570 impellat
430 2505 517 2570 quovis
530 2523 642 2556 sermone
653 2509 786 2557 molestus:

128 2588 259 2639 Communi
272 2604 346 2638 sensu
357 2589 432 2653 plane
443 2595 518 2648 caret,
530 2588 664 2653 inquimus.
698 2590 770 2639 Eheu

127 2671 207 2726 Quam
219 2678 311 2721 temere
322 2671 349 2720 in
361 2678 459 2721 nosmet
470 2671 550 2734 legem
562 2672 686 2721 sancimus
697 2672 822 2737 iniquam!

103 2805 264 2855 tulpaulost.
316 2805 348 2845 ιθ.
361 2814 428 2846 acres.
479 2805 511 2844 6⁰.
524 2813 640 2845 versemur.
691 2806 723 2844 65.
736 2805 849 2846 molestus!

897 1196 946 1243 sm.
960 1193 981 1234 s,
991 1195 1010 1232 r.
1020 1195 1039 1233 ι.
1049 1194 1081 1233 si.

903 1437 938 1476 ιιι.
951 1437 972 1476 s.
983 1438 1001 1476 1.
1010 1439 1030 1477 4.
1043 1438 1074 1483 oo,

984 1488 1028 1536 ιιι,
1037 1488 1081 1527 13‘2.

902 1619 941 1649 ser.
954 1609 975 1648 S.
986 1609 1004 1649 l.
1013 1609 1032 1649 1.
1041 1609 1073 1647 89.

903 1752 933 1805 56.
948 1755 972 1795 E.
983 1756 1001 1796 1.
1011 1757 1029 1795 2.
1039 1757 1071 1794 54.
