2475 3284
141 544 190 583 Sur.
203 544 228 583 E.
238 544 298 583 1.17.
308 543 340 583 52.

140 1216 339 1267 assumsisse.

142 1800 184 1839 Tic.
198 1800 222 1840 0.
232 1802 250 1841 1.
260 1802 279 1842 7.
289 1801 321 1841 14.

611 242 639 303 Q.
656 240 793 291 HORATI
810 239 934 290 Flacci

365 372 400 422 Et
410 372 510 422 decedet
521 373 580 423 odor
591 374 675 423 nervis
686 373 814 432 inimicus;
831 371 915 421 atille

365 456 494 520 Integrum
505 456 612 521 perdunt
623 457 675 506 linc
686 456 776 506 vitiata
788 472 908 520 saporem.

365 540 512 589 Surrentina
522 541 593 589 vafer
603 540 646 604 qui
657 539 745 589 miscet
755 541 814 589 faeoe
825 538 933 587 Falerna

364 621 438 682 Vina,
450 622 590 673 columbino
601 624 689 672 limum
700 624 762 672 bene
773 621 869 685 colligit
879 637 932 680 ovo,

364 705 492 761 Quatenus
503 705 555 755 ima
566 706 631 771 petit
641 707 744 756 volvens
756 705 838 755 aliena
848 704 958 754 vitellus.

364 788 448 837 Testis
459 796 609 839 marcentem
622 789 720 854 squillis
731 788 853 838 recreabis
865 793 891 837 et
900 788 964 836 Afra

363 872 480 922 Peterem
490 874 601 923 cochlea:
621 891 679 922 nam
690 874 786 923 lactuca
797 872 897 921 innatat
907 870 958 920 acri

363 954 425 1004 Post
435 955 521 1004 vinum
533 956 673 1016 stomacho3
690 971 767 1020 perna
778 954 858 1017 magis
870 970 899 1003 ac
909 952 989 1017 magis
1001 952 1072 1002 hillis

363 1037 475 1101 Flagitat
484 1038 617 1088 immorsus
628 1038 704 1097 refici,
716 1038 776 1103 quin
789 1037 872 1087 omnia
883 1036 963 1095 malit,
991 1071 992 1074 η

363 1121 526 1185 Quascumque
538 1122 673 1171 immundis
685 1123 783 1171 fervent
793 1121 872 1170 allata
883 1119 991 1185 popinis.

362 1202 411 1253 Est
422 1220 501 1269 operae
512 1204 619 1271 pretium
631 1203 737 1269 duplicis
748 1220 892 1269 pernoscere
900 1201 965 1267 juris

362 1285 492 1336 Naturam.
527 1286 639 1351 Simplex
650 1304 663 1336 e
674 1286 740 1336 dulci
752 1291 851 1335 constat
862 1285 936 1344 olivo,

364 1368 436 1424 cuod
446 1368 533 1433 pingui
544 1369 647 1419 miscere
658 1386 726 1418 merc
737 1369 864 1433 muriaque
874 1367 977 1428 decebit,

363 1451 420 1500 Non
432 1451 483 1500 alia
493 1446 568 1515 quani
579 1469 628 1515 qua
638 1452 760 1516 Byzantia
771 1451 856 1516 putuit
866 1468 931 1501 orca.

363 1534 419 1584 Hoc
429 1533 472 1584 ubi
484 1536 613 1583 confusum
625 1535 699 1584 sectis
710 1534 831 1584 inferbuit
841 1534 926 1583 herbis

364 1617 513 1682 Corycioque
525 1635 594 1668 croco
606 1634 720 1683 sparsum
732 1617 810 1678 stetit,
822 1618 925 1683 insuper
936 1616 1012 1667 addes

363 1699 454 1750 Pressa
465 1701 614 1751 Venafranae
626 1701 691 1765 quod
703 1703 764 1751 baca
775 1700 873 1750 remisit
884 1700 963 1750 olivae.

363 1783 462 1834 Picenis
473 1784 564 1833 cedunt
574 1783 655 1848 pomis
667 1783 782 1833 Tiburtia
793 1799 877 1833 succo:

363 1867 430 1916 Nam
440 1866 504 1916 facie
516 1873 644 1931 praestant.
679 1867 807 1915 Venucula
818 1865 934 1915 convenit
945 1865 1011 1924 ollis,

364 1948 465 1998 Rectius
476 1949 602 1998 Albanam
613 1951 682 1998 fumo
693 1949 821 1998 duraveris
833 1965 914 1998 uvam.

363 2031 438 2081 Hanc
448 2048 493 2096 ego
504 2048 559 2081 cum
570 2032 652 2092 malie,
665 2048 710 2096 ego
721 2033 805 2081 faecem
816 2031 911 2096 primus
923 2038 949 2080 et
959 2032 1030 2090 allec,

363 2113 463 2163 Primus
475 2120 501 2163 et
511 2114 625 2164 invenior
635 2114 707 2179 piper
718 2115 803 2163 album
815 2130 870 2164 cum
882 2115 935 2163 sale
947 2113 1019 2177 nigro

363 2197 490 2245 Incretum
500 2196 569 2261 puris
581 2196 786 2261 circumposuisse
797 2196 897 2246 catillis.

363 2280 476 2328 Immane
488 2286 527 2328 est
536 2278 628 2328 vitium
638 2279 698 2328 dere
708 2279 780 2329 milia
791 2285 863 2329 terna
873 2279 978 2328 macello

322 2389 325 2395 ι
362 2366 524 2427 Angustaque
535 2378 611 2426 vagos
623 2363 703 2427 pisces
714 2379 802 2426 urgere
814 2363 905 2413 catino.

265 2570 312 2583 ..
363 2528 492 2578 Tractavit
502 2528 604 2577 calicem
615 2527 739 2587 manibus,
751 2527 997 2592 dumfurtaligurit,
1089 2601 1091 2604 Ι
1167 2506 1171 2514 ⁵

142 2713 199 2754 amp.
228 2731 233 2743 .
256 2731 261 2741 .
285 2702 332 2742 Ao.

216 2754 338 2794 matt.

362 2447 458 2510 Magna
469 2452 551 2495 movet
562 2446 688 2494 stomacho
700 2445 810 2503 fastidia,
823 2461 867 2494 seu
877 2462 939 2510 puer
949 2444 1031 2494 unctis

363 2609 421 2659 Sive
431 2610 515 2674 gravis
527 2610 605 2659 veteri
617 2616 719 2659 craterae
730 2609 805 2658 limus
817 2610 931 2662 adhaesit.

362 2694 463 2743 Vilibus
474 2693 501 2742 in
513 2692 601 2757 scopis,
613 2692 640 2741 in
651 2691 758 2756 mappis,
770 2692 797 2741 in
810 2694 881 2743 scobe
893 2700 1001 2757 quantus

489 2825 521 2864 73.
534 2823 603 2864 halec.
818 2824 850 2864 76.
864 2824 875 2865 ?
888 2824 1012 2865 immanem.
