2475 3284
623 190 651 251 Q.
668 188 804 245 HORATI
822 187 950 238 FLAOCI

476 324 528 373 Nee
538 340 625 373 cursus
636 321 742 387 duplicis
754 338 799 386 per
809 337 878 370 mare
889 319 983 379 Ulixei,

509 406 561 455 Nee
572 421 664 455 saevam
674 403 774 468 Pelopis
785 402 887 452 domum

477 510 609 567 Conemnr,
620 516 707 558 tenues
718 507 839 572 grandia:
857 506 917 555 dum
927 506 1007 571 pudor
1217 542 1219 571 ,

475 592 637 656 Imbellisque
649 592 708 656 lprae
719 591 794 640 Musa
805 596 893 654 potens
904 595 973 638 vetat
1149 594 1183 637 10
1218 594 1219 655 l

475 674 573 724 Laudes
585 674 677 738 egregii
689 672 803 730 Caeseris,
815 678 840 722 et
850 678 907 720 tuas

509 757 590 822 Culpa
600 756 709 805 deterere
721 754 813 818 ingeni.
826 752 838 793 ὲ

152 864 188 903 od.
201 863 226 902 ⁰·
235 863 254 902 3·
263 863 296 902 24.
305 864 325 901 5·
474 860 537 917 Quis
548 861 657 909 Martem
668 859 753 908 tunica
763 865 856 907 tectum
866 857 1028 906 adamantina

149 967 197 1014 pul.
211 964 335 1004 c.2.1.22.
476 943 557 1007 Digne
569 942 716 1007 scripserit?
733 948 778 990 aut
788 941 890 1005 pulvere
901 941 989 989 Troico

196 1018 200 1023 i
476 1026 582 1090 Nigrum
593 1025 742 1074 Merionen?
759 1030 804 1073 eut
814 1041 859 1088 ope
870 1022 984 1072 Palladis
1150 1028 1183 1073 lo
1218 1022 1219 1031 ’

155 1143 185 1184 „3¹
199 1143 336 1184 O.1.15.26.
509 1108 622 1173 Tydiden
634 1107 734 1173 Superis
745 1109 851 1172 parem?

476 1212 529 1262 Nos
540 1200 662 1269 convivia,
674 1227 719 1260 nos
730 1209 819 1275 proelia
830 1208 956 1272 virginum

477 1294 554 1345 Sectis
566 1293 593 1342 in
600 1291 705 1358 juvenes
717 1292 841 1357 unguibus
852 1291 946 1340 acrium

153 1391 187 1420 Μ’·
201 1378 225 1419 ⁰·
233 1379 296 1469 bulg·-
306 1379 326 1418 9·
476 1378 621 1435 Cantemus,
632 1374 711 1433 vacui,
724 1375 776 1424 sive
787 1374 847 1439 quid
859 1373 961 1432 urimur,

508 1461 565 1510 Non
577 1466 667 1524 praeter
678 1458 779 1507 solitum
790 1459 864 1507 leves.

745 1608 825 1681 viti

426 1752 586 1803 hunnum
597 1749 642 1800 alii
654 1751 746 1799 claram
757 1749 872 1808 Rhodon,
884 1755 929 1798 eut
939 1747 1078 1813 Mytilenen
1087 1766 1093 1806 ;

461 1837 514 1885 Aut
524 1834 650 1899 Epheson,
661 1833 795 1882 bimarisve
807 1831 922 1882 Corinthi

428 1918 529 1976 Moenia,
540 1918 581 1967 vel
591 1915 688 1965 Baccho
699 1915 806 1975 Thebas,
818 1917 859 1964 vel
870 1913 987 1980 Apolline
998 1913 1110 1978 Delphos

461 1999 580 2064 Insignis,
592 2006 636 2047 aut
647 1999 768 2048 'messala
779 1999 878 2062 Tempe.

429 2085 492 2133 Sunt
502 2082 591 2147 quibus
602 2098 680 2130 unum
691 2090 755 2145 opus
764 2087 809 2139 est,
821 2080 921 2129 intactoe
932 2079 1045 2129 Palladis
1056 2081 1146 2129 urbem
1166 2086 1180 2129 ὕ
1216 2130 1217 2133 ,

462 2164 578 2215 Carmine
588 2170 707 2228 perpetuo
717 2164 848 2222 celebrare,
860 2174 886 2212 et
1216 2144 1217 2151 ἵ

428 2247 544 2311 Undique
555 2247 695 2310 decerptam
705 2246 782 2294 fronti
793 2262 933 2310 praeponere
945 2246 1043 2296 olivam.

461 2330 596 2389 Plurimus,
607 2330 635 2378 in
646 2329 663 2378 J
664 2329 753 2378 unonis
763 2329 889 2388 honorem,

377 2478 379 2483 ,
429 2416 523 2479 Aptum
534 2413 600 2462 dicet
610 2412 679 2476 equis
690 2414 780 2476 Argos,
791 2412 902 2476 ditesque
914 2412 1040 2476 Mycenae.

462 2498 505 2546 Me
517 2513 561 2545 nec
571 2503 625 2545 tam
636 2496 734 2561 patiens
745 2496 912 2555 Lecedaemon,

407 2620 408 2625 ,
429 2582 481 2630 Nec
491 2587 544 2629 tem
554 2579 662 2629 Larissae
672 2578 794 2644 percussit
804 2596 903 2644 campus
915 2578 1011 2643 opimae,

462 2663 543 2719 Quam
553 2662 641 2710 domus
652 2662 772 2710 Albuneae
782 2661 928 2721 resonantis,

479 2780 500 2820 4.
513 2778 619 2828 magnes.
695 2779 715 2818 t.
729 2787 933 2826 arces‚v.urcem.·
988 2779 1007 2819 9.
1016 2779 1076 2819 dicit.
