2475 3284
255 211 446 262 EPISTOLAR
452 212 507 263 ΠΜ
523 210 589 264 Lm.
606 213 627 264 I.
644 212 680 264 iii.
836 209 840 220 '
1034 214 1093 273 239
1167 179 1171 190 ·

87 345 101 392 5
117 344 159 393 Aa
170 342 276 408 pingues
288 343 355 393 Asiae
366 344 446 410 campi
457 346 579 410 collesque
590 347 738 395 morantur?

118 425 186 482 Quid
195 427 307 477 studiosa
315 427 400 477 cohors
409 443 511 492 operum
518 427 611 479 struit?
639 428 694 478 Hoc
702 445 796 493 quoque
805 443 870 479 curo.
895 437 938 477 coh.
951 436 972 477 S.
982 438 1001 476 1.
1010 437 1029 477 7.
1039 438 1071 476 23.

119 509 182 565 Quis
195 510 244 559 sibi
256 526 296 559 res
307 517 391 575 gestas
403 510 511 574 Augusti
524 510 632 560 scribere
644 511 739 561 sumit?
895 536 948 564 am.
962 523 986 564 0.
996 525 1015 564 1.
1024 525 1055 564 12.
1065 526 1085 564 2.

118 592 191 641 Bella
201 592 258 656 quis
270 599 296 642 et
305 609 378 658 paces
388 593 490 656 longum
501 593 621 642 diffimdit
632 592 658 641 in
670 596 768 644 aevum?
896 611 915 649 8.
928 608 1051 649 O.4.14.3.

121 674 188 731 Quid
199 675 281 725 Titius
292 676 407 726 Romana
418 675 488 725 brevi
499 682 619 725 venturus
630 675 658 724 in
669 678 733 725 ora?

76 761 104 809 10
120 758 248 807 Pindarici
260 758 338 808 fontis
350 758 392 823 qui
404 775 453 807 non
467 758 589 823 expalluit
599 758 711 819 haustus,

120 840 245 891 Fastidire
256 842 325 891 lacus
337 848 363 891 et
373 841 440 892 rivos
452 858 528 892 ausus
538 847 646 906 apertos.

121 922 158 970 Ut
168 923 254 972 valet?
270 928 300 972 ut
310 923 425 973 meminit
436 922 534 973 nostri?
568 923 705 973 Fidibusne
715 923 815 974 Latinis

122 1004 252 1054 Thebanos
263 1012 350 1070 aptare
361 1006 446 1055 modos
458 1005 542 1055 studet
552 1006 652 1069 auspice
663 1006 746 1066 Musa,
896 1018 939 1064 apt.
953 1014 976 1055 c.
986 1016 1006 1055 2.
1015 1016 1047 1055 lu.
1056 1016 1076 1055 4.

122 1088 162 1136 An
174 1087 269 1151 tragica
280 1088 384 1137 desoevit
395 1095 420 1137 et
430 1089 584 1153 ampullatur
594 1088 622 1136 in
633 1091 708 1139 arte?
896 1106 953 1144 amp.
965 1094 993 1135 A.
1002 1095 1027 1135 P.
1037 1096 1069 1135 97.

77 1173 106 1221 15
123 1170 189 1226 Quid
196 1171 259 1220 mihi
269 1172 357 1221 Celsus
366 1169 437 1235 agit?
448 1169 557 1221 monitus
565 1172 720 1236 multumque
727 1171 872 1232 monendus,
896 1179 938 1228 aci.
953 1179 975 1218 s.
984 1180 1003 1219 1.
1013 1179 1032 1218 9,
1041 1180 1061 1219 4.

123 1253 239 1304 Privatus
250 1260 280 1303 ut
290 1261 386 1319 quaerat
396 1270 455 1319 opes
467 1259 492 1303 et
502 1260 604 1317 tangere
614 1253 678 1303 vitet

124 1336 228 1401 Scripta,
239 1336 372 1386 Palatinus
383 1353 541 1401 quercumque
552 1336 645 1401 recepit
655 1338 753 1401 Apollo,

124 1419 170 1477 Ns,
182 1419 204 1468 si
215 1421 280 1469 forte
292 1435 350 1469 suas
361 1418 496 1484 repetitum
506 1418 604 1468 venerit
614 1418 675 1468 olim

125 1502 191 1558 Grex
202 1501 287 1551 arium
298 1503 405 1567 plumas,
416 1507 516 1551 moveat
526 1501 651 1551 cornicula
662 1501 741 1551 risum

76 1588 108 1634 20
124 1584 236 1634 Furtiiis
247 1584 342 1634 nudata
352 1583 484 1634 coloribus.
518 1584 577 1649 Ipse
588 1584 649 1649 quid
660 1585 754 1636 audes?
1036 1636 1039 1642 ,

126 1669 184 1723 Ques
195 1667 378 1717 circumvolitas
390 1666 464 1731 agilis
475 1667 581 1732 thyma?
614 1667 671 1717 Non
682 1668 730 1717 tibi
740 1685 845 1733 parvum
897 1678 937 1726 me.
950 1676 974 1717 c.
983 1678 1003 1717 4.
1013 1678 1032 1716 2.
1041 1678 1074 1717 29.

125 1750 263 1815 Ingenium,
276 1766 325 1799 non
337 1750 459 1800 incultum
470 1756 509 1800 est
520 1757 545 1799 et
555 1750 663 1815 turpiter
672 1752 774 1804 hirtum.
897 1769 939 1806 tur.
952 1764 980 1805 A.
989 1765 1014 1806 P.
1024 1765 1044 1805 a

126 1835 173 1883 Seu
183 1834 296 1898 linguam
306 1833 387 1882 causis
399 1832 467 1882 acuis
479 1849 523 1882 seu
533 1832 611 1883 civica
616 1832 676 1897 jura

125 1915 283 1982 Respondere
295 1932 369 1981 paras
381 1932 425 1966 seu
436 1915 521 1966 condis
532 1916 640 1966 amabile
651 1933 757 1977 carmen,
898 1942 952 1982 resp.
961 1931 986 1971 Ε.
996 1933 1016 1970 2.
1026 1931 1096 1972 1.104.

4 2041 5 2074 3
78 2004 109 2051 25
125 2000 211 2050 Prima
220 2000 285 2049 feres
296 1999 394 2048 hederae
404 1998 514 2048 victricis
526 1998 636 2064 praemia.
670 2000 775 2056 Quodsi
899 2026 932 2064 ις.
945 2015 998 2055 c.1.
1008 2015 1027 2054 1.
1037 2016 1069 2054 29.

125 2082 227 2147 Frigida
237 2098 352 2132 curarum
363 2084 474 2131 fomenta
484 2081 623 2147 relinquere
633 2099 726 2148 posses,
894 2102 950 2149 som,
962 2100 1002 2149 Ep,
1012 2100 1085 2140 11.17.

126 2167 180 2223 Quo
191 2172 216 2215 te
227 2165 333 2215 caelestis
345 2164 468 2229 sapientia
478 2164 584 2226 duceret,
596 2165 653 2215 ires.

126 2250 181 2300 Hoc
192 2266 262 2314 opus,
273 2249 319 2299 hoc
330 2248 440 2298 studium
451 2248 522 2312 parvi
534 2257 692 2313 properemus
704 2258 729 2301 et
739 2250 825 2316 ampli,

127 2333 154 2383 Si
165 2333 253 2398 patries
263 2334 384 2390 volumus,
398 2330 420 2379 si
431 2331 504 2380 nobis
515 2331 598 2380 vivere
610 2331 669 2382 cari.

4 2455 7 2474 ,
81 2417 210 2486 30,Ι)οἰ)θε
220 2416 267 2465 hoc
278 2415 354 2465 etiam
365 2413 507 2474 rescribere,
520 2413 542 2463 si
553 2414 601 2464 tibi
613 2431 677 2464 curae

4 2907 5 2914 i

4 2933 6 2946 l

129 2499 233 2555 Quanta
244 2497 375 2548 conveniat
385 2496 515 2546 Munatius
525 2513 531 2557 ;
549 2514 582 2546 an
593 2499 658 2546 male
670 2506 738 2547 sarta

129 2580 216 2631 Gratia
226 2580 376 2645 nequiquam
387 2579 437 2629 coit
447 2586 473 2628 et
482 2579 650 2630 rescinditur?
683 2583 718 2631 At
729 2598 773 2633 vos

131 2665 177 2714 Seu
187 2663 281 2720 calidus
293 2663 394 2727 sanguis
406 2679 450 2712 seu
460 2679 542 2712 rerum
553 2663 653 2713 inscitia
663 2671 738 2714 vexat

133 2810 217 2852 abac.
285 2809 533 2851 22.?incu1tumstnec.
601 2809 633 2851 80.
646 2810 682 2852 sit.
715 2765 777 2852 'ab
790 2822 824 2854 ac.
