2475 3284
281 220 489 271 SATIRARUM
506 220 572 271 ΜΒ.
590 220 625 271 ΙΙ.
641 236 665 271 v.

120 354 210 403 Nonne
221 352 299 413 vides,
311 352 402 417 aliquis
413 353 497 403 eubito
509 359 617 403 stantem
628 370 704 418 prope
715 359 821 417 tangens
861 367 862 372 ¹

20 457 23 464 ¹
119 436 228 500 Inquiet,
240 441 270 484 ut
280 436 385 501 patiens,
397 443 427 485 ut
437 436 524 486 amieis
535 442 617 501 aptus,
629 442 659 485 ut
668 438 743 485 neor?

119 519 209 568 Plures
220 519 350 568 annabunt
361 518 451 568 thunni
463 525 488 568 et
498 518 591 568 cetaria
601 525 718 568 crescent

74 603 103 651 45
120 601 147 658 Si
158 600 197 651 eui
209 606 331 665 praeterea
341 600 440 650 validus
451 602 516 650 male
528 601 595 650 filius
606 594 634 650 in
645 618 672 650 ro
690 608 699 627 ’

119 683 243 733 Praeolara
254 684 368 733 sublatus
379 684 467 748 aletur,
478 700 510 745 ne
522 683 683 732 manifestum

121 766 221 816 Caelibis
233 766 378 830 obsequium
390 746 467 815 nudet
477 772 510 826 ta,
522 766 612 815 leniter
623 765 651 814 in
663 765 732 830 spem

119 849 214 913 Arrepe
225 848 357 909 officiosus,
369 854 435 897 utet
446 848 555 898 scribare
566 848 688 898 secundus

31 953 34 958 ·
119 930 200 980 Heres
212 936 245 990 et,
257 930 279 980 si
291 930 346 995 quis
358 947 430 980 casus
441 948 545 996 puerum
557 930 636 995 egerit
648 929 718 989 Oreo,

74 1018 103 1064 50
118 1013 150 1062 In
161 1030 267 1063 vaenum
278 1013 378 1063 venias:
396 1030 497 1078 perraro
508 1014 562 1063 haee
572 1015 628 1063 alea
639 1014 714 1063 fallit.
755 1041 760 1047 ·
895 1024 934 1062 ale.
948 1022 1001 1062 (1.2.
1011 1022 1059 1061 Lo.

119 1096 168 1152 Qui
179 1102 358 1145 testamentum
369 1096 452 1146 tradet
462 1097 510 1146 tibi
522 1114 625 1161 eumque
636 1096 775 1161 legendum,

118 1180 234 1228 Abnuere
246 1185 271 1228 et
282 1179 383 1228 tabulas
395 1197 410 1229 a
421 1186 446 1229 te
458 1197 584 1229 removere
596 1187 728 1239 memento,

118 1260 158 1310 Sis
168 1267 253 1311 tamen
265 1268 294 1310 ut
304 1261 373 1311 limis
385 1262 469 1327 rapias
480 1262 540 1327 quid
551 1262 633 1328 prima
645 1262 751 1312 secundo

119 1343 181 1394 Cora
191 1343 353 1403 velitversu;
371 1345 439 1394 solus
450 1345 568 1394 multisne
580 1345 687 1404 coheres,
893 1357 936 1397 eor.
950 1367 968 1396 v.
979 1357 1024 1395 107.

73 1429 102 1477 55
117 1426 202 1477 Veloci
213 1444 328 1492 percurre
339 1428 417 1477 oculo.
450 1428 598 1492 Plerumque
609 1434 720 1477 reeoetus

118 1510 203 1559 Scriba
215 1527 245 1559 ex
256 1510 418 1575 quinqueviro
429 1527 529 1560 corvum
540 1510 640 1560 deludet
650 1511 768 1569 hiantem,

118 1593 283 1657 captatorque
294 1592 366 1642 dabit
376 1592 442 1642 risus
453 1593 545 1642 Nasica
556 1594 661 1643 Corano.

116 1675 183 1724 Num
194 1675 279 1725 suris?
296 1692 329 1725 an
340 1675 448 1741 prudens
460 1676 527 1726 ludis
538 1693 578 1725 me
589 1677 694 1725 obseura
705 1674 834 1726 canendo?

118 1759 138 1806 0
149 1757 289 1817 Laertiade,
301 1757 421 1823 quidquid
432 1758 513 1807 dicam
525 1766 569 1807 aut
580 1758 629 1808 erit
640 1766 684 1807 aut
695 1774 760 1807 non:

70 1846 100 1891 60
116 1840 236 1891 Divinare
248 1841 341 1891 etenim
351 1858 456 1905 magnus
468 1842 530 1891 mihi
542 1842 620 1891 donat
630 1843 729 1907 Apollo.

115 1924 181 1979 Quid
191 1932 275 1974 tamen
286 1924 337 1974 ista
348 1925 411 1974 velit
422 1925 471 1973 sibi
483 1926 577 1985 fabula,
591 1925 613 1974 si
625 1926 691 1985 licet,
703 1925 755 1975 ede.

116 2007 234 2071 Tempore
246 2023 295 2071 quo
304 2005 404 2072 juvenis
415 2008 518 2057 Parthis
530 2008 676 2068 horrendus,
688 2010 720 2057 ab
732 2009 785 2058 alto
886 2020 933 2067 juv.
947 2018 970 2058 c.
980 2020 998 2058 1.
1008 2021 1027 2058 2.
1037 2020 1070 2058 41.

117 2089 258 2138 Demissum
268 2106 347 2153 genus
358 2091 446 2150 AEnea,
459 2091 548 2140 tellure
559 2091 670 2156 marique
974 2071 995 2109 4.
1005 2072 1036 2109 ¹⁵¹
1046 2071 1065 2109 ⁷¹

108 2173 222 2244 *Magnus
234 2173 290 2233 erit,
303 2173 363 2223 forti
376 2175 453 2223 nubet
463 2192 565 2239 procera
577 2176 674 2225 Corano
886 2160 933 2234 sor.
946 2186 968 2225 S.
977 2187 997 2225 2.
1007 2186 1026 2225 32
1036 2187 1081 2226 216.

70 2259 99 2307 65
115 2256 180 2305 Filia
191 2256 297 2316 Nasicae,
309 2257 444 2307 metuentis
454 2245 556 2307 reddere
568 2257 673 2308 eoldum.
890 2268 935 2305 met.
949 2265 973 2305 G.
982 2267 1002 2305 2.
1012 2268 1031 2305 2,
1038 2267 1057 2304 v.

115 2340 177 2388 Tum
188 2356 264 2404 gener
274 2341 321 2390 hoo
332 2340 422 2389 faciet:
439 2341 540 2389 tabulas
552 2357 635 2390 socero
646 2339 718 2389 dabit
727 2346 801 2405 atque

114 2422 150 2480 Ut
160 2423 228 2486 legat
239 2422 337 2473 orabit:
355 2424 464 2472 multum
475 2422 568 2472 Nasica
579 2430 683 2487 negatas

113 2505 224 2572 Accipiet
235 2506 337 2555 tandem
349 2512 375 2555 et
385 2505 476 2555 tacitus
488 2507 561 2569 leget,
573 2506 732 2571 invenietque

137 2588 155 2636 il
167 2588 216 2638 sibi
229 2590 340 2652 legatum
351 2594 441 2653 praeter
452 2589 550 2652 plorare
562 2588 670 2652 suisque.
887 2598 931 2645 plo.
944 2596 965 2635 s.
977 2598 995 2636 1.
1006 2597 1037 2636 10.
1047 2597 1079 2637 91.

126 2670 180 2719 llud
190 2671 223 2720 ad
234 2671 288 2721 haec
294 2668 386 2736 jubeo:
405 2670 496 2720 mulier
507 2670 529 2719 si
540 2671 604 2720 forta
616 2671 704 2720 dolosa

111 2752 258 2805 Libertusve
269 2771 354 2804 senem
366 2753 472 2803 delirum
483 2759 610 2818 temperet,
623 2753 676 2803 illis
