2475 3284
270 237 481 289 SATJRARUM
498 237 565 288 ΗΒ.
582 237 617 288 Π.
635 237 669 287 iv.

113 370 229 422 Aufidius
240 370 300 421 forti
312 370 434 421 miscebat
443 371 520 420 mella
531 370 647 428 Falerno,

66 459 97 507 25
113 454 243 514 Mendese‚
255 453 372 519 quoniam
383 453 469 504 vacuis
480 453 634 503 committere
644 451 716 502 venis

113 538 159 589 Nil
170 537 221 587 nisi
232 539 288 587 lene
299 538 382 587 decet:
400 536 452 586 leui
463 536 599 602 praecordia
609 536 691 585 mulso

113 620 242 671 Prolueris
253 620 352 671 melius.
387 619 413 670 Si
424 618 487 670 dura
495 619 635 670 morabitur
645 620 725 678 alvus,

114 704 223 754 Mitulus
235 710 261 753 et
270 703 334 753 viles
346 703 440 769 pellent
451 702 578 752 obstantia
588 701 688 751 conches

114 788 149 838 Et
159 786 257 853 lapathi
268 785 352 836 brevis
363 787 449 846 herba,
462 784 506 835 sed
516 786 575 834 albo
587 802 637 833 non
649 784 702 833 sine
714 783 772 833 000.
894 787 936 835 lep.
949 785 1059 835 Eam.

69 874 98 922 30
113 869 222 920 Lubrica
233 874 363 919 nascentes
374 867 481 933 implent
491 867 622 931 conchylia
633 868 705 926 lunae,
892 877 937 905 ωλι
950 865 972 905 S·
981 865 1001 906 2·
1010 866 1029 905 8.
1039 866 1071 905 2⁷·

113 952 162 1003 Sed
173 968 223 1002 non
235 968 307 1003 omne
317 968 386 1001 mare
398 956 437 1000 est
446 966 572 1014 generosae
582 950 666 999 fertile
677 956 762 999 testae:

112 1035 209 1085 Murice
220 1035 317 1085 Baiano
328 1033 417 1084 melier
427 1032 536 1082 Lucrina
546 1032 647 1097 peloris,
891 1046 941 1087 Lac.
955 1046 1064 1094 Basse.

113 1119 204 1168 Ostrea
216 1117 327 1176 Circeiis,
339 1116 440 1166 Miseno
450 1115 565 1166 oriuntur
576 1115 666 1175 echini,

113 1200 258 1250 Pectinibns
270 1198 365 1265 patulis
372 1196 454 1264 jactat
465 1215 492 1248 se
502 1199 577 1248 molle
589 1198 732 1247 Tarentum.
891 1212 940 1251 niet.
953 1211 978 1251 E.
988 1210 1007 1252 1.
1016 1212 1035 1251 7.
1045 1212 1077 1251 45.

69 1288 97 1336 35
113 1286 165 1335 Nec
176 1283 226 1334 sibi
238 1299 355 1333 cenarum
366 1281 448 1347 quivis
460 1288 552 1333 temere
563 1288 663 1345 arroget
673 1289 761 1341 artem,

113 1368 171 1417 Non
181 1366 251 1431 prius
262 1371 350 1415 exacta
360 1364 430 1415 tenui
442 1364 539 1414 ratione
550 1382 674 1430 saporum.

113 1451 165 1499 Nec
176 1448 240 1498 satis
251 1454 290 1497 est
301 1464 359 1498 cara
370 1447 450 1512 pisces
463 1454 573 1497 avertere
584 1464 679 1506 mensa,
890 1470 934 1500 car.
947 1470 967 1500 v.
975 1459 1008 1499 ¹16.

113 1533 241 1596 Ignarum
252 1531 343 1597 quibus
355 1537 394 1581 est
400 1529 444 1597 jus
455 1531 539 1596 aptius
551 1537 577 1580 et
587 1530 677 1595 quibus
689 1530 753 1580 assis

111 1607 257 1679 Languidus
269 1613 296 1663 in
308 1614 418 1664 cubitum
425 1611 479 1678 jam
491 1631 517 1662 se
528 1613 633 1663 conviva
644 1621 755 1678 reponet.
889 1624 932 1665 acb.
946 1623 970 1664 c.
981 1625 999 1665 1.
1009 1625 1040 1665 27.
1050 1626 1069 1664 8.

66 1702 96 1749 40
111 1698 207 1748 Umber
218 1704 245 1747 et
255 1696 335 1761 iligna
346 1697 455 1746 nutritus
466 1695 556 1760 glande
568 1697 688 1746 rotundas

113 1781 207 1832 cimae
217 1797 279 1846 aper
290 1781 373 1830 lances
384 1796 484 1829 caruem
494 1779 600 1829 vitantis
611 1780 730 1830 inertem:

112 1864 178 1913 Nam
188 1864 301 1914 Laurens
312 1864 394 1913 malus
406 1869 452 1922 est,
463 1862 530 1912 ulvis
542 1870 568 1912 et
578 1863 700 1912 arundine
710 1863 818 1929 pinguis.

112 1948 191 1998 Vinea
203 1946 331 1997 submittit
341 1963 442 2011 capreae
454 1962 503 1995 non
515 1963 612 2011 semper
623 1946 715 1997 edules.

112 2030 234 2080 Fecundae
244 2029 336 2095 leporis
349 2028 448 2094 sapiens
460 2028 597 2078 sectabitur·
607 2045 697 2078 armos.
888 2057 921 2097 44·
935 2048 1057 2093 mage,

66 2117 96 2163 45
112 2112 227 2162 Piscibus
238 2119 312 2176 atque
323 2111 412 2161 avibus
423 2128 478 2175 quse
489 2117 579 2161 natura
590 2118 615 2161 et
627 2114 692 2161 foret
702 2119 772 2173 aetas,

113 2198 179 2246 Ante
189 2212 273 2245 meum
284 2195 347 2243 nulli
359 2194 442 2259 patuit
452 2194 558 2258 quaesita
568 2196 689 2259 palatum.

121 2280 184 2328 Sunt
194 2294 298 2343 quorum
310 2276 437 2341 ingenim
448 2293 514 2327 nova
524 2283 623 2327 tautum
634 2278 745 2327 crustula
756 2278 855 2344 promit.
889 2272 933 2332 eru.

113 2361 275 2425 Nequaquam
286 2359 348 2409 satis
361 2359 387 2408 in
398 2376 425 2408 re
436 2376 486 2408 uua
497 2376 641 2410 consumere
652 2377 751 2422 cruram3

113 2444 150 2494 Ut
160 2443 181 2492 si
192 2442 249 2507 quis
262 2443 342 2491 solum
353 2442 406 2502 hoc,
418 2442 485 2492 mala
497 2459 528 2492 ne
539 2441 592 2491 sint
602 2442 670 2503 vina,
682 2444 786 2504 laboret,

67 2529 97 2576 50
113 2524 186 2582 Quali
197 2524 333 2590 perfundat
344 2523 424 2590 pisces
436 2541 536 2574 securus
548 2525 623 2576 olivo.

113 2603 221 2659 Massica
233 2609 255 2658 si
267 2609 327 2659 caelo
339 2625 464 2674 supponas
475 2608 536 2658 vina
547 2626 641 2669 serene,

112 2693 246 2751 Nocturna,
259 2691 281 2741 si
293 2691 354 2757 quid
364 2691 441 2742 crassi
454 2699 500 2752 est,
512 2692 657 2742 tenuabitur
667 2709 729 2743 aura

1034 2293 1059 2330 25

1037 2321 1069 2382 τέ.

1006 2293 1024 2330 1.

1009 2343 1027 2382 1.

946 2291 967 2331 S.
977 2293 995 2332 l.

946 2342 970 2382 E.
980 2344 999 2381 1.

113 2821 145 2862 48.
158 2820 211 2861 satis
218 2820 340 2870 cetum
391 2821 423 2861 tl.
438 2830 549 2869 suppones,
560 2821 605 2869 (0.)
657 2824 689 2863 52.
704 2822 817 2866 emant
