2475 3284
122 578 164 608 cen.
173 567 197 608 0.
207 569 226 608 2.
235 569 254 608 7.
263 568 296 608 10.

205 619 225 658 4.
234 619 254 658 6.
263 619 282 659 3.

122 2537 162 2567 cre.
176 2526 200 2567 0.
209 2526 229 2567 4.
238 2527 270 2568 15.
280 2527 311 2567 14.

593 228 621 295 ρ.Ι
639 229 777 280 norm
793 231 920 281 nascor

510 363 621 428 Lutequs
632 362 745 413 victrices
756 369 867 423 caterva

544 446 664 496 Consiliis
671 445 772 511 juvenis
783 447 889 506 rsvictae,
979 473 982 480 ·

480 561 590 621 Senecae,
602 561 662 624 quid
672 577 743 610 mens
754 561 809 621 rite,
822 560 882 625 quid
892 561 988 611 indoles

478 643 582 693 Nutrite
593 644 684 693 faustis
696 645 744 694 sub
754 645 933 709 penetralibus,

512 725 608 784 Posset,
620 726 680 790 quid
690 726 798 790 Augusti
810 732 928 791 paternus

544 809 577 857 In
588 825 678 873 pueros
690 809 788 859 enimus
799 809 929 863 Nerones..

478 935 566 986 Fortes
577 945 694 987 creantur
705 937 812 988 fortibus
824 945 850 987 et
860 937 949 997 bonis;

479 1018 528 1068 Est
537 1019 565 1069 in
572 1017 695 1086 juvencis,
707 1021 783 1070 estin
795 1020 864 1084 equis
875 1027 975 1085 petrum

512 1101 613 1151 Virtus:
633 1119 711 1168 neque
722 1102 849 1152 imbellem
860 1104 954 1153 feroces

545 1184 716 1248 Progenerant
726 1185 816 1250 aquilas
827 1187 975 1236 columbam.

480 1314 601 1365 Doctrina
612 1314 657 1364 sed
667 1313 719 1363 vim
730 1320 860 1379 promovet
869 1314 980 1373 insitam,

478 1396 599 1461 Rectique
610 1397 692 1446 cultus
703 1403 804 1461 pectora
814 1398 950 1458 roborant3

512 1479 652 1543 Utcumque
663 1479 773 1529 defecere
784 1496 873 1540 mores,

544 1561 694 1613 Indecorant
704 1563 767 1612 bene
778 1569 838 1613 nate
849 1564 935 1628 culpae.

478 1688 546 1744 Quid
556 1689 656 1750 debeas,
667 1706 682 1739 o
693 1689 782 1750 Roma,
794 1691 944 1750 Neronibus,

479 1771 561 1821 Testis
572 1772 716 1822 Metaurum
726 1776 826 1834 flumen,
836 1782 862 1825 et
872 1774 1017 1824 Hasdrubal

511 1853 639 1914 Devictus,
652 1862 678 1904 et
687 1857 791 1920 pulcher
801 1857 896 1921 fugatis

544 1936 593 1986 Ille
605 1936 659 1986 dies
669 1938 744 1989 Latio
755 1940 872 2000 tenebris,

478 2063 528 2121 uui
539 2064 636 2129 primus
647 2066 714 2115 alma
725 2066 782 2116 risit
793 2067 890 2128 adorea

480 2147 557 2197 Dirus
568 2165 614 2213 per
624 2150 699 2199 urbes
710 2151 773 2199 Afer
783 2156 812 2199 ut
822 2150 910 2210 Italas,

512 2232 564 2282 Ceu
574 2234 675 2282 flemma
685 2249 731 2298 per
741 2233 827 2294 taedus,
838 2236 879 2284 vel
889 2235 971 2284 Eurus

543 2315 592 2365 Per
603 2314 699 2365 Siculas
711 2316 833 2380 equitavit
842 2317 931 2368 undas.

477 2442 541 2492 Post
551 2442 598 2492 hoc
609 2442 723 2492 secundis
735 2459 812 2507 usque
823 2445 951 2495 laboribus

477 2524 592 2575 Romano
603 2525 682 2589 pubes
694 2525 779 2586 crevit,
792 2532 818 2576 et
828 2527 906 2592 impio

510 2608 618 2658 Vastata
629 2607 763 2657 Poenorum
774 2611 885 2659 tumultu

543 2690 614 2739 Fano
625 2689 684 2739 deos
694 2689 803 2740 habuere
814 2699 910 2743 rectos:

657 2806 692 2853 86,
702 2805 837 2849 denectens.
