2475 3284
154 259 214 319 294
623 261 650 321 Q.
667 261 803 312 ΗΟΕΑΊῚ
822 262 949 313 abaco!

153 409 202 449 apr.
215 397 239 439 0.
248 399 268 440 1.
277 401 297 440 8.
306 401 326 442 3.
377 393 475 443 Gaudet
486 392 555 457 equis
566 393 717 458 canibusque
729 401 754 444 et
765 394 842 459 aprici
854 396 966 459 gramine
977 395 1065 461 campi,

152 493 192 524 cer.
205 483 230 524 Ε.
239 484 259 524 a.
268 485 287 523 2.
296 485 316 525 8.
377 477 468 526 Cereus
479 475 505 525 in
517 475 607 526 vitium
617 477 691 536 flecti,
703 477 866 527 monitoribus
878 495 958 543 asper,

377 547 485 608 Utilium
495 559 582 608 tardus
593 560 713 624 provisor,
725 560 843 630 prodigus
855 561 919 621 aeris,

376 642 495 691 Sublimis
507 642 658 707 cupidusque
670 649 695 691 et
706 650 789 692 amata
800 644 939 708 relinquere
950 646 1045 709 pernix.

378 724 509 775 Conversis
520 724 611 773 studiis
622 731 683 787 aetas
695 726 841 790 animusque
852 726 935 776 virilis
1014 757 1015 760 =

327 867 343 880 A
377 807 473 863 Quaerit
482 824 541 871 opes
552 814 578 856 et
588 807 719 867 amicitias,
731 808 837 857 inservit
845 809 941 870 honori,

344 905 348 914 ¹
376 890 535 940 Commisisse
546 896 617 940 cavet
628 876 693 955 quod
703 908 762 960 mor
772 899 869 941 mutare
879 893 984 954 laboret.

341 963 345 974 ’
374 973 458 1022 Multa
469 990 552 1023 senem
563 973 758 1023 circumveniunt
768 974 929 1034 incommoda,
940 977 982 1024 rel
992 967 1057 1040 quod

293 1084 298 1096 ·
334 1083 341 1098 ·
375 1055 470 1112 Quaerit
481 1062 507 1105 et
516 1056 626 1106 inventis
637 1056 713 1105 miser
724 1057 956 1106 abstinetactimet
966 1058 1012 1115 uti,
1127 1063 1177 1112 170

233 1134 238 1147 '
261 1134 267 1147 ’
290 1135 296 1147 ”
331 1134 338 1148 ’
374 1139 422 1189 Vel
433 1139 498 1204 quod
508 1156 548 1189 res
560 1156 645 1189 omnes
656 1139 743 1189 timide
754 1139 882 1204 gelideque
893 1135 1027 1199 ministrat}

374 1222 480 1282 Dilator,
492 1239 535 1287 spe
546 1224 642 1287 longus,
654 1223 728 1282 iners,
740 1222 876 1287 avidusque
886 1223 972 1283 futuri,

373 1304 498 1375 Difficilis,
509 1306 634 1369 querulus,
646 1305 762 1354 laudator
771 1295 891 1370 temporis
902 1305 951 1355 acti

374 1387 405 1436 Se
416 1403 499 1451 puero,
511 1377 646 1451 castigetur
657 1368 790 1452 censorque
801 1383 932 1437 minorum.

373 1470 457 1519 Multa
468 1471 552 1519 ferunt
562 1470 622 1519 anni
633 1470 762 1520 venientes
773 1470 901 1520 commoda
912 1488 1010 1530 secum;

152 1548 196 1603 ¹⁷5·
210 1554 234 1595 E·
244 1555 263 1594 2·
273 1555 292 1594 2.
302 1555 334 1595 55.
373 1554 456 1620 Multa
467 1553 607 1603 recedentes
619 1551 740 1603 adimunt}
774 1554 812 1621 Ne
823 1556 887 1604 forte
899 1555 989 1604 seniles

373 1637 526 1686 Mandantur
532 1635 619 1701 juveni
631 1644 715 1701 partes
727 1654 851 1702 pueroque
861 1637 955 1698 viriles,

372 1720 474 1784 Semper
484 1719 511 1768 in
522 1717 647 1784 adjunctis
658 1736 757 1784 aevoque
768 1720 920 1769 morabimur
931 1720 1006 1786 aptis,

372 1802 425 1851 Aut
435 1801 518 1866 agitur
529 1819 568 1851 res
580 1802 606 1850 in
619 1802 699 1864 scenis
711 1808 755 1851 aut
765 1809 821 1868 acta
832 1804 946 1852 refertur.
976 1789 981 1795 ³

372 1884 477 1949 Segnius
488 1884 590 1933 irritant
601 1884 698 1933 animos
710 1884 818 1933 demissa
829 1902 874 1949 per
884 1901 976 1945 aurem,

372 1969 453 2024 Quam
464 1984 518 2032 quae
530 1974 589 2017 sunt
599 1968 678 2016 oculis
690 1968 801 2031 subJecta
812 1967 935 2026 fidelibus,
948 1974 973 2017 et
983 1983 1037 2032 quae

305 2082 309 2089 -
370 2051 430 2115 Ipse
441 2050 490 2100 sibi
501 2049 580 2112 tradit
590 2056 728 2115 spectator:
747 2058 796 2099 non
807 2056 891 2099 tamen
903 2050 971 2099 intus

370 2132 455 2197 Digna
465 2132 517 2196 geri
528 2149 626 2197 promes
637 2132 664 2181 in
676 2148 781 2192 scenam,
793 2134 920 2197 multaque
931 2134 1004 2183 tolles

371 2217 411 2265 Ex
421 2215 507 2276 oculis,
519 2231 573 2281 quae
584 2232 642 2265 mox
654 2223 739 2265 narret
750 2216 867 2265 facundia
876 2232 994 2281 praesens.

370 2300 409 2350 Ne
419 2317 508 2365 pueros
519 2315 602 2349 coram
612 2301 704 2364 populo
714 2299 804 2349 Medea
815 2298 928 2357 trucidet,
1124 2302 1171 2350 185

369 2384 423 2432 Aut
432 2383 542 2432 humana
552 2383 636 2447 palam
647 2388 736 2447 coquat
746 2381 803 2431 exta
815 2382 925 2431 nefarius
936 2383 1034 2441 Atreus,
1094 2394 1100 2406 ·

370 2468 422 2514 Aut
433 2465 459 2514 in
471 2482 542 2515 avem
553 2466 648 2515 Procne
658 2469 778 2522 vertatur,
791 2463 898 2514 Cadmus
911 2464 937 2512 in
949 2481 1061 2528 anguem.
1076 2499 1080 2507 -

370 2547 543 2612 Quodcumque
555 2547 665 2596 ostendis
676 2546 739 2596 mihi
752 2546 794 2605 sic,
806 2546 948 2596 incredulus
959 2547 1009 2602 odi.

370 2631 438 2680 Neve
449 2630 531 2679 minor
542 2647 590 2679 neu
601 2630 636 2679 sit
645 2630 733 2695 quinte
743 2628 886 2693 productior
896 2636 960 2679 actu-

147 2741 191 2781 φφ,
205 2730 339 2773 s.1.10.39.
369 2713 473 2772 Fabula,
485 2728 538 2776 quae
548 2712 616 2776 posci
628 2713 719 2784 voltset
729 2718 841 2776 spectata
851 2711 952 2777 reponi;
1060 2749 1069 2767 ,
1126 2718 1175 2765 190

445 2846 489 2884 1⁷2.
502 2844 641 2894 pavidusque,
649 2844 709 2884 Bent.
856 2845 900 2885 118.
913 2845 1041 2885 morabitur.
