2475 3284
3 1198 5 1205 ,
35 1259 37 1263 ,
75 1213 104 1261 55
119 1211 249 1275 Virgilius,
261 1217 319 1275 post
329 1211 395 1260 huno
405 1211 497 1260 Varius
509 1211 593 1261 dixere
604 1211 664 1276 quid
675 1229 763 1263 essem.
900 1218 943 1258 Vir.
954 1217 975 1258 S.
986 1219 1003 1258 1.
1015 1219 1094 1264 10.44;

106 243 114 256 ·
173 227 175 232 ’
271 248 480 299 sericarum
495 250 562 302 ere.
579 249 647 304 evi.

3 430 4 437 ,
75 384 105 431 45
120 381 192 431 Nunc
203 380 236 430 ad
246 397 286 453 me
297 380 497 458 redeo-libertino
508 389 578 446 patre
590 390 684 447 natum,

120 465 198 520 Quem
209 464 302 513 rodunt
312 481 397 513 omnes
408 464 525 515 libertino
535 474 607 531 patre
618 476 713 528 natum,

120 548 198 607 Nunc,
211 547 270 612 quia
282 565 337 596 sum
348 547 403 607 tibi,
415 548 545 609 Maecenas,
557 550 690 611 convictor,
702 557 730 600 at
740 550 808 612 olim,

120 631 191 687 Quod
201 630 265 680 mihi
276 636 375 694 pareret
385 630 449 694 legio
461 631 574 681 Romana
585 633 694 691 tribuno.

120 713 249 762 Dissimile
261 713 308 762 hoc
318 712 356 762 illi
368 720 420 762 est:
438 714 497 778 quia
508 731 558 764 non
569 722 599 764 ut
609 716 683 765 forsit
693 716 810 767 honorem

75 801 104 848 50
120 797 137 846 J
137 813 180 846 ure
191 796 255 846 mihi
266 796 379 846 invideat
389 797 478 861 quivis,
490 797 527 847 ita
538 805 563 847 ta
574 815 669 863 quoque
680 800 794 859 amioum,

119 880 263 929 Praesertim
274 887 373 930 cautum
384 870 472 945 dignos
484 897 609 931 assumere
620 899 699 947 prava
895 893 938 941 die.
951 891 977 932 Ε.
987 893 1007 933 1.
1015 893 1034 932 7.
1044 894 1076 934 22.

120 963 264 1012 Ambitione
275 964 368 1028 procul»
403 964 509 1013 Felicem
522 964 603 1013 dicere
614 981 664 1013 non
675 966 723 1015 hoc
895 974 950 1015 amb.
963 972 984 1013 S.
992 973 1011 1014 1.
1021 975 1052 1016 10.
1061 975 1095 1016 84.

120 1045 162 1094 Me
171 1046 274 1110 possim,
286 1063 345 1095 casu
355 1046 421 1110 quod
432 1052 457 1095 te
469 1046 571 1096 sortitus
583 1047 705 1098 amicum:

119 1128 197 1177 Nulla
208 1128 301 1194 etenim
312 1128 375 1178 mihi
387 1135 411 1178 te
423 1130 475 1178 fors
487 1129 593 1178 obtulit:
612 1130 722 1194 optimus
733 1131 793 1181 olim

119 1294 156 1342 Ut
166 1293 225 1342 veni
237 1310 327 1352 coram,
339 1293 469 1357 singultim
480 1309 559 1358 pauca
570 1294 675 1354 locutus,
1060 1269 1092 1307 ⁸¹¹

119 1377 208 1425 Infans
220 1392 326 1440 namque
337 1375 416 1441 pudor
426 1375 575 1441 prohibebat
585 1378 659 1441 plura
669 1378 772 1442 profari,

119 1459 175 1508 Non
188 1476 233 1523 ego
244 1477 284 1508 me
295 1459 362 1508 claro
373 1465 460 1508 natum
471 1465 549 1524 patre,
563 1476 612 1509 non
624 1475 669 1523 ego
680 1460 772 1510 circum

119 1542 161 1592 Me
172 1543 320 1592 Satureiano
331 1542 423 1592 vecteri
435 1559 494 1591 rura
504 1543 608 1602 caballo,

75 1630 104 1676 60
120 1626 245 1691 Sedquod
257 1643 324 1676 eram
336 1642 418 1675 narro.
451 1624 604 1690 Respondes,
616 1633 645 1674 ut
655 1632 714 1675 tuus
726 1633 765 1676 est
775 1644 836 1687 mos,

3 2066 4 2069 ¹
74 2045 102 2092 65
118 2042 196 2106 Atqui
207 2042 229 2091 si
240 2041 310 2092 vitiis
321 2041 485 2091 mediocribus
496 2058 525 2090 ao
535 2057 591 2108 mea
601 2041 687 2105 paucis

119 1709 201 1759 Pauca
211 1728 216 1769 ;
235 1710 304 1767 abeo,
316 1714 342 1757 et
352 1724 452 1758 revocas
463 1725 529 1757 nono
539 1714 597 1772 post
607 1725 693 1758 mense
699 1706 821 1774 jubesque
894 1719 927 1761 61.
941 1720 961 1760 s.
971 1722 990 1761 a.
1000 1721 1019 1760 6.
1028 1721 1061 1760 41.

119 1792 181 1842 Esse
192 1792 220 1841 in
231 1791 366 1841 amicorum
377 1808 486 1842 numero.
520 1791 643 1861 Magnum
654 1791 701 1840 hoo
712 1808 756 1856 ego
767 1792 836 1853 duco,

120 1875 192 1932 Quod
202 1874 286 1940 placui
297 1875 353 1934 tibi,
364 1874 407 1939 qui
418 1874 486 1939 turpi
498 1874 605 1923 secernis
616 1875 757 1936 honestum,
890 1887 938 1935 pla·
951 1885 977 1926 la.
986 1886 1005 1925 1.
1014 1885 1046 1924 17.
1056 1886 1075 1923 3.

118 1959 176 2009 Non
187 1966 260 2024 patre
271 1959 389 2023 praeclaro
402 1957 445 2008 sed
455 1958 510 2007 vita
521 1963 547 2007 et
557 1964 656 2022 pectore
666 1974 737 2022 puro.
891 1977 942 2016 pur.
955 1967 980 2056 ξ.
987 1966 1081 2056 11421θέο

3 2158 4 2179 l
100 2124 242 2188 ,Mondosa
253 2131 292 2174 est
302 2131 399 2185 natura,
412 2123 504 2189 alioqui
515 2130 590 2183 recta,
601 2125 672 2173 velut
682 2123 705 2173 si

5 2700 13 2716 .

119 2209 226 2274 Egregio
237 2208 362 2274 inspersos
373 2207 539 2273 reprehendas
550 2223 651 2279 corpore
662 2222 753 2266 naevos,

119 2292 145 2341 Si
157 2309 237 2356 neque
248 2292 380 2342 avaritiam
393 2308 471 2356 neque
483 2291 567 2360 scidas
579 2297 624 2340 aut
633 2291 701 2339 mala
711 2291 792 2351 lustra

119 2375 218 2424 Obiciat
228 2391 285 2424 vere
297 2375 428 2440 quisquam
439 2372 508 2433 mihi,
521 2390 598 2438 purus
610 2380 636 2422 et
646 2373 741 2432 insons,

74 2459 103 2509 70
119 2457 157 2506 Ut
166 2473 207 2506 me
218 2456 362 2517 collaudem,
375 2457 396 2506 si
408 2463 433 2506 et
443 2456 502 2506 vivo
513 2444 584 2506 carus
596 2455 697 2515 amicis;

120 2539 202 2589 Causa
213 2538 263 2588 fuit
272 2546 344 2604 pater
354 2539 402 2598 his,
414 2538 456 2604 qui
468 2555 550 2589 macro
560 2554 656 2603 pauper
666 2537 747 2601 agello

119 2622 209 2673 Noluit
220 2623 247 2672 in
258 2623 330 2673 Flavi
341 2622 428 2672 ludum
438 2638 478 2672 me
489 2622 595 2682 mittere,
606 2620 692 2685 magni

121 2782 153 2822 49.
168 2783 179 2823 l
192 2782 252 2824 illist.
312 2784 344 2823 58.
357 2792 458 2832 possum
470 2784 567 2831 possunt.
618 2782 651 2822 66.
666 2781 676 2821 ?
689 2779 817 2820 mendosast.

403 2848 434 2886 68.
448 2856 481 2892 ao,
489 2856 535 2894 nec,
543 2844 608 2884 mala.

451 2909 488 2948 ut
