2475 3284
471 232 498 294 Q.
519 234 549 284 H
549 232 656 284 ORATI
668 232 795 284 nancel

197 649 245 752 Q.
290 647 510 743 HORATI
550 648 760 744 FLAOOI
804 648 1067 746 SATIRAE.

540 867 744 875 -.—...--—---

427 1003 563 1065 LIBER
594 1002 836 1067 SECUNDUS.

632 1188 653 1239 Ι.

343 1323 413 1375 Sam
423 1322 513 1389 quibus
524 1321 552 1370 in
564 1320 642 1371 satira
653 1321 739 1371 videor
750 1321 825 1371 nimis
837 1338 893 1371 acer
904 1329 930 1372 et
940 1323 1007 1372 ultra

342 1405 434 1469 Legem
445 1405 546 1454 tendere
557 1421 619 1469 opus
629 1422 636 1464 ;
654 1404 708 1453 sine
720 1404 803 1454 nervis
814 1406 894 1454 altera
905 1405 1026 1470 quidquid

327 1472 475 1556 ''Camposui
487 1504 545 1552 pare
557 1504 610 1536 esse
622 1494 695 1552 putat
706 1487 848 1552 similesque
858 1505 969 1538 meomm

260 1614 262 1619 .
309 1634 312 1642 Ι
342 1571 415 1621 Mille
426 1571 466 1620 die
477 1586 564 1620 versus
575 1569 663 1619 deduci
674 1587 754 1636 posse.
788 1571 898 1630 Trebati,

342 1655 410 1711 Quid
419 1644 510 1704 faciam
520 1653 661 1719 praeecribe.
695 1654 821 1710 Quiescas.
855 1656 894 1704 Ne
906 1654 1004 1715 faciam,
1016 1654 1108 1720 inquis,
1126 1658 1141 1705 ὅ

342 1724 450 1795 Omnino
461 1738 566 1787 versus?
599 1737 656 1786 Aio.
690 1737 794 1786 Peream
806 1738 879 1797 male,
892 1738 913 1786 si
926 1755 975 1786 non

207 1874 210 1882 Δ
252 1854 257 1860 -
342 1804 471 1886 Optimum
482 1828 549 1880 erat;
566 1837 654 1887 verum
665 1837 758 1884 nequeo
769 1820 884 1870 dormire.
919 1821 968 1870 Ter
978 1820 1047 1870 uncti

341 1904 500 1954 Transnanto
510 1903 629 1961 Tiberim,
642 1919 728 1952 somno
739 1903 829 1967 quibus
842 1910 881 1952 est
892 1919 953 1968 opus
965 1905 1024 1963 alta,

341 1988 513 2052 Irriguumque
524 2002 592 2035 mero
603 1986 650 2034 sub
662 1992 758 2035 noctem
769 2003 857 2050 corpus
869 1986 986 2037 habento.

340 2073 400 2131 Aut,
410 2071 431 2120 ei
443 2077 528 2120 tantus
539 2085 609 2118 amor
620 2067 744 2117 scribendi
755 2074 780 2117 te
792 2068 866 2132 rapit,
879 2068 942 2118 aude
1111 2074 1140 2118 10

341 2153 446 2204 Caesarie
457 2152 544 2202 invicti
555 2150 693 2210 medicare,
705 2151 785 2199 multa
795 2151 909 2199 laborum

340 2236 447 2285 Praemia
456 2237 561 2284 laturus.
596 2233 727 2298 (lapidum,
739 2241 812 2297 pater
823 2233 922 2298 optime,
933 2233 1000 2283 vinee

340 2319 477 2369 Deficiunt:
496 2334 573 2381 neque
585 2316 652 2365 enim
663 2315 746 2380 quivis
757 2315 886 2365 horrentia
897 2316 957 2381 pilis

339 2402 447 2465 Agmina
459 2417 503 2449 nec
514 2401 593 2449 fracta
604 2406 735 2463 pereuntes
747 2399 848 2464 cuspide
859 2399 946 2448 Gallos

339 2485 392 2533 Aut
402 2483 510 2534 labentis
521 2499 583 2546 equo
594 2482 719 2531 describat
728 2483 833 2530 vulnera
844 2481 941 2531 Parthi.
1110 2486 1140 2532 15

339 2568 457 2616 Attamen
469 2572 495 2616 et
501 2570 598 2631 Juetum
610 2571 709 2629 poteras
721 2571 747 2613 et
758 2564 865 2613 scribere
876 2565 973 2623 fortem,

339 2649 479 2715 Scipiadam
490 2655 520 2697 ut
531 2646 631 2712 sapiens
643 2647 762 2697 Lucilius.
796 2646 874 2697 Haud
884 2647 947 2696 mibi
958 2647 1039 2707 deero,

117 2736 163 2775 dec.
177 2735 198 2776 S·
207 2736 227 2775 2.
235 2737 257 2777 4.
265 2736 287 2776 4·
341 2733 403 2782 eum
414 2748 453 2781 res
465 2731 521 2795 ipsa
532 2731 609 2779 feret:
628 2728 678 2777 nisi
689 2728 777 2779 dextro
787 2735 905 2794 tempore,
917 2730 1000 2780 Flacci

442 2839 461 2877 1.
473 2837 555 2877 uidear.
782 2837 815 2877 15.
828 2836 938 2878 describit.
