2475 3284
300 236 494 288 CARMHVUM
510 236 576 288 ΜΒ.
599 237 646 289 IV.
664 238 697 289 iv.

229 370 349 420 Romanae
359 369 447 420 fidieen
458 371 532 435 lyrae:

261 453 335 509 Quod
343 452 410 518 spiro
419 459 445 503 et
451 454 544 518 placeo,
552 452 586 519 (si
597 453 702 519 plnceu)
709 458 780 503 tuum
789 460 834 505 est.

475 655 520 706 IV.

227 789 340 845 Qum
349 787 493 838 ministrum
503 787 617 838 fulminis
628 787 722 847 alitem,

227 870 275 921 Cui
286 887 330 920 rex
340 870 441 920 deomm
451 886 554 935 regnum
564 870 592 920 in
603 869 658 921 nris
669 887 746 936 vagas

260 952 386 1011 Permisit,
397 959 513 1018 expertus
524 952 623 1003 fidelem

293 1036 311 1086 J
311 1036 411 1101 uppiter
421 1035 449 1085 in
460 1035 604 1101 Ganymede
614 1037 689 1096 flavo,

227 1150 296 1201 Olim
302 1149 421 1216 juventae
433 1158 459 1201 et
468 1149 566 1216 patrius
577 1149 649 1214 vigor

226 1234 294 1284 Nido
304 1234 418 1284 laborum
428 1234 539 1299 propulit
549 1232 671 1283 inscium:

263 1316 391 1382 Vernique‚
399 1314 454 1382 jem
464 1316 557 1366 nimbis
568 1316 679 1376 remotis,

292 1399 413 1450 insolitos
423 1399 526 1450 docuere
537 1399 608 1449 nisus

226 1515 303 1566 Venti
313 1522 458 1581 paventem:
476 1533 535 1566 mox
546 1514 573 1565 in
585 1515 663 1566 ovilia

225 1598 335 1649 Demisit
344 1599 440 1649 hostem
451 1598 550 1649 vividus
561 1598 684 1663 impetus:

259 1682 333 1732 Nune
343 1681 371 1732 in
381 1684 533 1732 reluctantes
544 1681 664 1731 dracones

294 1765 355 1829 ngt
364 1782 435 1815 emor
444 1764 517 1830 dapis
528 1771 602 1830 atque
613 1778 718 1829 pugnae:

226 1880 362 1936 Qualemve
373 1879 438 1930 letis
449 1896 538 1945 caprea
549 1879 648 1945 pascuis

225 1963 329 2013 Intentus
339 1963 415 2013 fulrae
424 1962 514 2012 metris
525 1963 558 2012 ab
569 1964 644 2012 ubere

258 2046 393 2096 Jnmleete
404 2045 535 2110 depulsum
546 2046 652 2105 leonem,
921 2053 951 2092 ις·
965 2042 989 2083 C.
999 2044 1017 2084 1.
1027 2044 1058 2084 23.
1069 2045 1100 2085 ιο.

291 2128 372 2179 Denbe
384 2146 448 2179 novo
459 2128 578 2194 periture,
589 2128 669 2178 vidit:

225 2243 316 2294 Videre
326 2243 406 2295 Raetis
417 2245 485 2294 belle
497 2246 543 2295 sub
554 2244 662 2310 Alpibus

225 2327 334 2376 Drusum
344 2333 471 2391 gerentem
481 2326 620 2377 Vindelici:
639 2325 728 2391 quibus

257 2409 314 2459 Mos
325 2408 390 2459 unde
401 2409 521 2459 deductus
532 2426 577 2474 per
587 2426 661 2459 omne

290 2493 398 2557 Tempus
408 2491 545 2542 Amazonia
556 2492 636 2542 securi

224 2608 331 2657 Dextrae
343 2609 462 2669 obermet,
473 2623 582 2673 quaerere
592 2607 697 2658 distuli:

223 2689 276 2739 Nee
286 2689 348 2741 seire
358 2692 398 2741 fes
409 2697 449 2741 est
458 2689 555 2741 omnin:
574 2691 618 2741 sed
628 2689 673 2739 diu

136 2833 172 2865 111.
186 2825 219 2865 24.
233 2824 245 2866 ἲ
257 2826 349 2868 tuumeu
411 2835 443 2868 rv.
456 2828 476 2868 2.
490 2835 547 2868 eves.
606 2827 639 2867 1⁷.
652 2824 781 2866 nen....et
788 2824 839 2867 Vin.
