2475 3284
265 193 475 245 SATJRARUM
491 193 558 245 ΠΒ.
576 195 611 245 II.
629 193 665 245 iii.

131 329 192 380 Haeo
203 325 267 376 mihi
279 325 420 387 Stertinius,
434 325 575 392 sapientum
587 332 696 386 octavus,
708 324 788 376 emico
813 343 816 348 ·

130 414 210 460 Arme
220 409 297 469 dedit,
309 409 414 474 posthac
424 426 455 459 ne
467 411 629 475 compellam
639 410 742 459 inultus.

130 492 232 542 Dixerit
243 492 360 542 insenum
370 492 413 556 qui
424 509 471 553 me,
482 492 586 542 totidem
598 492 767 556 audiebatque
891 499 936 547 298.
949 497 970 537 s.
980 498 999 537 i.
1010 497 1028 538 1.
1037 498 1071 538 45.

129 575 264 641 Respicere
275 574 361 639 ignoto
371 574 451 624 discet
461 575 596 640 pendentia
606 581 684 639 tergo.

65 662 113 708 300
130 658 220 717 Stoice,
232 663 290 722 post
301 656 419 707 damnum
431 657 467 707 sic
478 657 571 708 vendes
582 658 666 707 omnic
677 656 765 722 pluris,
892 658 949 699 dam.
962 669 981 698 v·
991 659 1023 699 19.

130 740 188 797 Qus
198 756 239 789 me
251 739 367 799 stultitia,
379 739 497 804 quonism
508 756 558 789 uon
570 746 609 789 cst
619 756 697 804 genus
709 756 794 798 unum,

130 821 248 872 Insanire
258 823 352 887 putes?
369 838 414 886 ego
425 838 484 872 nam
494 822 581 872 videor
592 822 654 871 mihi
666 839 750 871 sanus.

130 904 216 960 Quid?
234 910 310 969 eaput
321 904 458 954 abscissum
469 904 585 954 manibus
596 922 653 954 cum
664 911 748 969 portet
758 906 845 968 Agere

130 988 209 1037 Gnati
221 986 336 1047 infelicis,
349 987 398 1037 sibi
409 993 463 1036 tum
474 987 569 1037 furiose
580 987 697 1036 videtur?

67 1072 114 1121 305
131 1071 243 1120 Stultum
253 1087 293 1119 me
305 1071 392 1129 fateor,
403 1070 478 1120 liceat
488 1070 620 1120 concedere
631 1069 704 1129 reris,

131 1155 214 1218 Atque
225 1152 302 1202 etiem
313 1152 428 1202 insenum
439 1171 446 1213 ;
463 1159 563 1203 tentum
574 1153 622 1202 hoo
633 1152 748 1211 edissere,
757 1168 805 1217 quo
817 1168 856 1201 me

131 1238 265 1300 AEgrotsre
276 1242 349 1300 putes
360 1235 438 1284 animi
449 1235 519 1285 vitio.
553 1235 658 1299 Accipe:
676 1233 785 1299 primum

131 1319 267 1378 AEdificss;
284 1317 331 1367 hoc
342 1324 388 1377 est,
400 1319 486 1382 longos
498 1318 605 1367 imiteris
617 1319 650 1368 ab
661 1317 712 1367 imo

131 1402 173 1452 Ad
183 1418 308 1451 summum
319 1407 386 1451 totus
397 1400 491 1451 moduli
503 1400 634 1466 bipedalis,
647 1406 673 1450 et
683 1400 749 1449 idem

68 1490 115 1536 310
133 1485 241 1550 Corpore
251 1483 372 1550 mojorem
382 1484 449 1534 rides
460 1484 584 1552 Turbonis
596 1483 623 1532 in
634 1483 711 1533 ermis

132 1567 254 1633 Spiritum
265 1573 290 1617 et
300 1567 439 1617 incessum:
457 1561 501 1632 qui
511 1567 631 1617 ridiculus
642 1566 726 1615 minus
737 1566 800 1615 illo?

132 1653 172 1701 An
184 1650 352 1716 quodcumque
363 1650 425 1700 fecit
435 1651 566 1709 Messenes,
578 1657 603 1700 te
614 1666 711 1715 quoque
722 1666 809 1698 verum
820 1656 859 1698 est

132 1736 241 1785 Tantum
252 1735 401 1806 dissimilem
412 1741 437 1784 et
447 1741 519 1785 tento
530 1741 624 1784 certare
635 1734 775 1784 minorem?
891 1748 932 1780 cer.
946 1737 969 1778 Ε.
979 1738 998 1777 1.
1010 1738 1040 1779 is.
1050 1739 1083 1779 30.
1106 1715 1109 1726 ’

132 1814 252 1865 Absentis
263 1831 330 1864 rsnae
341 1814 418 1879 pullis
428 1814 503 1864 vituli
514 1814 576 1879 pede
587 1814 681 1879 pressis

70 1900 116 1949 015
132 1897 205 1946 Unus
217 1896 261 1946 ubi
272 1897 366 1960 effugit,
378 1897 453 1945 matri
465 1896 590 1956 denarret,
602 1904 632 1945 ut
643 1896 730 1960 ingens

132 1980 211 2029 Belus
222 1985 339 2044 cognatos
351 1978 460 2028 eliserit:
478 1979 524 2027 illa
534 1995 630 2043 rogere,

133 2061 283 2118 Queutene?
300 2062 368 2110 Num
378 2067 484 2121 tentum,
497 2062 597 2111 sufflans
609 2078 644 2120 se,
655 2076 747 2125 msgns
757 2058 866 2109 fuisset?

132 2141 216 2209 Major
227 2143 338 2194 dimidio.
371 2144 439 2193 Num
450 2146 566 2194 tantum?
601 2144 664 2193 Cum
675 2143 755 2207 msgis
767 2150 840 2207 sique

134 2227 164 2276 Se
175 2226 255 2291 magis
266 2226 372 2286 inderet,
384 2227 449 2287 Non,
461 2226 483 2275 si
495 2234 520 2276 te
530 2227 636 2291 ruperis,
648 2227 737 2290 iuquit,

72 2313 117 2360 320
133 2310 184 2358 Par
194 2309 251 2359 eris.
285 2309 347 2359 Haec
358 2325 373 2359 a
384 2316 409 2358 te
421 2326 470 2359 non
482 2310 588 2359 multum
599 2309 698 2359 abludit
708 2309 798 2374 imago.

133 2391 204 2441 Adde
215 2395 330 2456 poemata
341 2408 413 2451 nunc,
425 2393 472 2442 hoc
482 2399 528 2452 est,
540 2394 622 2443 oleum
630 2393 693 2442 adde
704 2392 814 2452 csmino;

134 2475 194 2530 Quae
205 2474 227 2523 si
239 2473 294 2539 quis
306 2490 382 2524 senus
394 2474 460 2533 fecit,
473 2492 549 2525 senus
561 2474 624 2524 facis
635 2482 661 2523 et
671 2481 707 2524 tu.
891 2502 936 2531 m,
950 2490 978 2531 Α,
987 2492 1012 2532 p,
1022 2493 1066 2531 295,

134 2558 190 2607 Non
201 2556 256 2606 dico
267 2556 415 2606 horrendem
426 2557 528 2608 rabiem.
562 2558 579 2606 J
580 2574 621 2606 em
632 2557 725 2608 desine.
759 2557 861 2607 cultum
891 2571 937 2611 rat.
950 2571 975 2612 E.
985 2573 1004 2612 1.
1013 2571 1044 2610 00.
1055 2573 1086 2610 25..

95 2714 138 2754 300.
150 2714 303 2754 demenscum.
345 2715 390 2754 010.
405 2714 528 2755 iver-umet.
576 2717 622 2756 010.
635 2717 699 2755 tento
706 2716 839 2758 dissimilem.

225 2779 270 2818 022.
282 2776 346 2828 tecit,
354 2779 378 2818 ct
386 2788 451 2818 serius
458 2778 526 2819 iacies
534 2781 568 2830 tu,
578 2780 623 2830 (O.)
633 2780 669 2820 Ht.
678 2780 705 2821 B.
764 2805 766 2808 .

448 2844 483 2883 1²2
