2475 3284
253 214 505 266 EPISTOLABUM
523 215 590 266 ΜΒ.
606 216 628 265 Ι.
645 216 680 265 xi.

439 390 488 439 XI.

12 565 13 580 ἢ
116 522 184 577 Qum
196 520 244 571 tibi
254 521 311 572 visa
322 522 405 581 Chios,
416 521 520 582 Balari,
533 528 639 587 notaque
649 523 751 582 Lesbos,

12 613 13 654 ἶ
115 603 182 659 Quid
192 604 312 654 ooneinna
323 604 417 664 Samos,
429 605 489 669 quid
500 605 578 655 Croesi
589 605 665 669 regia,
677 605 770 664 Sardis,

114 686 220 752 Smyrna
230 687 290 752 quid
302 693 327 736 et
338 688 484 753 Colophon?
516 687 615 753 Majora
626 689 752 738 minorave
763 690 839 750 fama,

115 769 241 838 Cunetane
252 786 304 834 prae
316 770 409 835 Campo
420 776 446 819 et
456 770 574 820 Tiberino
585 770 687 820 flumine
699 770 817 821 sordent?

83 853 97 900 5
114 851 154 899 An
165 850 273 900 venitin
284 858 370 902 votum
381 852 498 902 Attalicis
510 870 541 903 ex
551 853 656 902 urbibus
667 870 725 913 una,

114 935 154 983 An
164 933 291 983 Lebedum
302 934 390 984 laudas
402 935 458 985 odio
469 934 546 997 maris
557 941 631 1000 atque
642 935 758 985 viarum?
886 958 929 988 ma.
939 948 965 988 vi.
975 947 999 989 C.
1008 949 1028 989 a.
1035 948 1055 989 t.
1065 948 1084 990 t.

114 1016 173 1076 Seis,
184 1016 298 1066 Lebedus
309 1016 370 1082 quid
380 1017 415 1067 sit
421 1036 428 1079 3
445 1018 534 1067 Gabiis
546 1017 667 1068 desertior
677 1024 751 1083 atque
763 1061 766 1066 ⁴

112 1099 214 1149 Fidenis
224 1100 309 1160 rieus3
326 1107 410 1150 tamen
422 1100 475 1150 illie
485 1100 569 1152 vivere
579 1102 670 1151 vellem

113 1182 260 1248 Oblitusque
270 1200 381 1234 meorum
391 1184 574 1234 obliviscendus
586 1190 612 1234 et
623 1183 676 1233 illis

68 1268 96 1314 10
112 1265 257 1330 Neptunum
267 1268 354 1332 proeul
366 1284 378 1317 e
390 1274 457 1316 terra
468 1274 579 1333 spectare
590 1269 721 1318 furentem.

111 1348 159 1398 Sed
169 1366 256 1414 neque,
267 1351 310 1415 qui
323 1351 409 1416 Capua
420 1351 526 1401 Romam
536 1351 601 1415 petit
611 1351 691 1401 imbre
702 1351 802 1415 lutoque

111 1430 251 1497 Adspersus
262 1434 329 1484 volet
339 1433 366 1483 in
377 1450 489 1499 caupona
499 1434 597 1493 vivere;
615 1451 667 1494 nee,
678 1433 721 1499 qui

110 1514 199 1579 Frigus
210 1516 317 1581 oollagit,
330 1518 416 1566 furnos
426 1524 452 1567 et
464 1518 553 1567 balnea
563 1516 651 1566 laudat

113 1598 151 1647 Ut
161 1599 315 1649 fortunatam
326 1601 399 1665 plene
409 1599 555 1665 praestantia
565 1599 652 1650 vitam.

65 1683 94 1730 15
110 1682 169 1741 Nec,
181 1681 202 1731 si
215 1688 240 1732 te
251 1682 349 1733 validus
357 1682 491 1749 jactaverit
502 1685 594 1732 Auster
605 1682 632 1731 in
643 1683 703 1743 aleo,

110 1764 204 1815 Ideiroo
215 1781 304 1815 navem
315 1773 386 1815 trans
397 1768 512 1830 AEgaeum
523 1782 591 1815 mare
602 1765 704 1816 vendas.

108 1848 230 1897 Incolumi
242 1847 344 1898 Rhodos
356 1856 381 1899 et
391 1850 514 1914 Mytilene
525 1849 629 1913 pulchra
641 1847 708 1907 feeit,
720 1848 785 1913 quod

107 1930 210 1979 Paenula
222 1930 338 1989 solstitio,
351 1938 488 1996 campestre
500 1931 625 1981 nivalibus
637 1930 712 1990 auris,

106 2012 155 2062 Per
166 2013 280 2061 brumam
291 2012 397 2073 Tiberis,
409 2013 498 2063 Sextili
509 2029 593 2062 mense
604 2013 724 2062 caminus.

60 2097 90 2143 20
106 2095 174 2144 Dum
184 2094 244 2145 lieet
254 2112 283 2145 ue
293 2096 389 2145 voltum
401 2102 484 2146 servat
497 2096 608 2146 Fortuna
619 2095 761 2159 benignum,

105 2176 191 2226 Romae
201 2176 317 2227 laudetur
328 2178 413 2227 Samos
425 2183 451 2228 et
462 2177 536 2227 Chios
547 2183 573 2227 et
583 2175 685 2226 Rhodos
696 2178 794 2228 absens.

86 2301 89 2308 .
103 2260 151 2319 Tu
162 2276 340 2325 quamcumque
351 2259 411 2309 deus
423 2259 470 2309 tibi
482 2260 648 2310 fortunaverit
658 2260 753 2318 horam,

103 2343 184 2392 Grata
195 2359 264 2392 sume
275 2359 358 2404 mauu,
371 2360 419 2393 neu
429 2343 512 2393 duleia
523 2343 595 2393 differ
606 2344 633 2393 in
645 2360 745 2404 annum,
881 2364 913 2404 23·
926 2354 950 2395 c.
959 2356 979 2395 3.
988 2356 1008 2395 a.
1016 2357 1057 2404 an

102 2426 148 2485 Ut,
159 2442 311 2490 quocumque
322 2426 375 2477 loeo
386 2426 471 2486 fueris,
483 2426 577 2477 vixisse
588 2426 696 2476 libenter
925 2455 946 2496 θ’
956 2406 1046 2497 ἐξῇ.

58 2511 84 2560 25
101 2508 138 2557 Te
149 2507 231 2569 dieas3
250 2526 309 2558 nam
321 2509 343 2559 si
355 2510 420 2559 ratio
432 2516 457 2559 et
468 2510 601 2574 prudentia
610 2526 683 2560 curae

100 2591 159 2641 Non
171 2592 240 2641 loeus
251 2592 324 2642 effusi
335 2593 386 2643 late
396 2593 473 2643 maris
485 2593 580 2644 arbiter
590 2594 682 2653 aufert,v
695 2648 699 2656 ‚

12 2711 13 2730 t
102 2675 198 2725 Caelum
209 2691 259 2724 non
272 2675 383 2726 animum
393 2683 500 2737 mutant,
512 2677 554 2742 qui
566 2683 637 2726 trans
648 2692 716 2725 mare
727 2684 836 2727 currunt.

12 2817 20 2922 p
200 2806 221 2848 8.
235 2806 355 2850 mmorene.
561 2808 593 2849 20.
607 2806 703 2847 vultum.
797 2844 800 2849 .
