2475 3284
267 218 460 269 CARMHVUM
477 220 543 271 ΗΒ.
560 220 607 271 ΠΙ.
622 238 679 272 xxv.

176 351 237 402 Cum
247 349 347 417 perjure
357 351 437 415 patris
448 352 510 402 fides

80 438 109 483 60
206 434 350 484 Consorlem
362 434 454 484 socium
466 436 540 485 fallet
551 443 576 485 et
586 435 717 501 hospitem,

172 517 324 581 Indignoque
335 517 464 582 pecuniam
897 530 929 572 61.
943 531 965 571 S.
974 532 993 571 2.
1002 532 1022 572 3.
1032 532 1077 573 122.

204 600 296 651 Heredi
307 607 429 665 properet.
463 601 563 651 Scilicet
573 601 693 666 improbae

173 682 293 733 Crescunt
303 683 413 734 divitiae:
431 691 515 734 temen

205 766 287 816 enee
298 766 380 816 neseio
391 766 451 831 quid
462 783 559 833 semper
569 768 642 817 abest
652 767 697 819 rei.

428 944 512 996 XXV.

137 1075 195 1131 Quo
205 1082 253 1135 me,
265 1074 448 1141 Baoehe,1·epis
460 1077 498 1127 tui

169 1159 296 1208 Plenum?
325 1160 386 1215 Quae
397 1167 620 1226 nemoraeutquos
633 1161 729 1226 egerin
743 1178 836 1227 specus,
909 1197 916 1210 .
947 1198 953 1210 .
976 1199 981 1210 .
1005 1199 1010 1209 .
1034 1199 1039 1210 .

136 1243 216 1294 Velox
227 1249 402 1295 mentenova?
436 1247 532 1303 Quibus

168 1328 258 1377 Antris
270 1329 361 1393 egregii
374 1329 479 1379 Oaesenis
491 1330 579 1380 audiar

94 1414 106 1458 5
136 1410 270 1459 AEternum
281 1412 405 1462 meditans
416 1413 489 1462 decus

168 1493 255 1543 Stellio
266 1495 374 1545 inserere
386 1503 411 1545 et
421 1496 525 1546 consilio
536 1498 554 1546 J
555 1496 628 1548 ovis?

136 1576 225 1626 Dicam
235 1577 340 1642 insigne,
352 1596 444 1639 reeens,
456 1580 536 1629 adhue

167 1661 295 1711 Indietum
306 1680 347 1712 ore
358 1662 416 1713 elio.
450 1665 507 1712 Non
519 1680 589 1713 secus
600 1664 627 1711 in
635 1661 704 1729 jugis

135 1743 271 1793 Exsomnis
283 1751 367 1809 stupet
377 1746 472 1796 Euhias

81 1829 106 1873 10
168 1827 282 1876 Hebrum
293 1827 453 1893 prospiciens,
465 1834 490 1878 et
501 1828 558 1878 nive
569 1827 700 1878 candidam

136 1908 360 1975 Thraeeneopede
371 1911 478 1960 barbam

167 1991 313 2042 Lustralem
324 1992 467 2058 Rhodopen.
501 1993 695 2044 Uimihidevio

134 2071 215 2138 Ripae
227 2080 252 2123 et
263 2091 367 2125 vaenum
378 2092 465 2125 nemus

7 2220 8 2227 ἵ
167 2156 259 2206 Mirari
270 2157 347 2207 libet!
383 2157 541 2217 QNa'iedum
550 2164 639 2225 potens
895 2169 944 2209 mir.
958 2168 1094 2209 0.³.29.11.

79 2239 105 2285 15
134 2237 485 2304 Baoehnrumquevnlentium

167 2320 287 2371 Procerus
298 2322 413 2375 menibus
423 2330 518 2373 vertere
529 2323 654 2373 fraxinos:

135 2403 180 2452 Nil
190 2420 296 2468 penvum
306 2412 351 2455 aut
360 2406 449 2455 humili
460 2406 540 2467 modo,

167 2487 214 2535 Nil
224 2489 330 2537 mortale
340 2489 434 2553 loquer.
468 2489 546 2538 Dulce
557 2488 694 2554 perieulum
705 2495 750 2547 est,

136 2569 157 2618 0
168 2569 264 2630 Lenaee,
277 2569 345 2635 sequi
357 2570 430 2620 deum

72 2653 104 2700 20
169 2649 316 2716 Cingentem
326 2653 401 2703 viridi
412 2660 524 2720 tempore
534 2653 660 2719 pampino.
818 2662 819 2666 ’
894 2681 926 2713 20.
940 2669 1064 2712 0.4.8.33.

132 2793 188 2827 xxv.
201 2787 234 2828 1³.
247 2796 316 2837 rupes.
347 2788 380 2827 18.
394 2787 404 2827 l
417 2787 557 2836 perlenlnmst
564 2797 570 2837 ;
583 2789 624 2836 esu,
634 2789 690 2828 omit.
698 2788 735 2829 111.
744 2786 771 2829 A.
780 2787 806 2829 B.
