<?xml version="1.0" encoding="UTF-8"?>
<!DOCTYPE html PUBLIC "-//W3C//DTD XHTML 1.0 Transitional//EN"
    "http://www.w3.org/TR/xhtml1/DTD/xhtml1-transitional.dtd">
<html xmlns="http://www.w3.org/1999/xhtml" xml:lang="en" lang="en">
 <head>
  <title>
</title>
<meta http-equiv="Content-Type" content="text/html;charset=utf-8" />
  <meta name='ocr-system' content='tesseract 3.04.00' />
  <meta name='ocr-capabilities' content='ocr_page ocr_carea ocr_par ocr_line ocrx_word'/>
</head>
<body>
  <div class='ocr_page' id='page_1' title='image "./horace00yonggoog_0180.png"; bbox 0 0 2475 3284; ppageno 0'>
   <div class='ocr_carea' id='block_1_1' title="bbox 580 192 906 290">
    <p class='ocr_par' dir='ltr' id='par_1_1' title="bbox 580 192 906 290">
     <span class='ocr_line' id='line_1_1' title="bbox 580 192 906 290; baseline -0.003 -10"><span class='ocrx_word' id='word_1_1' title='bbox 580 217 608 290; x_wconf 79' lang='lat' dir='ltr'><strong>o.</strong></span> <span class='ocrx_word' id='word_1_2' title='bbox 625 192 763 280; x_wconf 62' lang='lat' dir='ltr'><strong>nonin</strong></span> <span class='ocrx_word' id='word_1_3' title='bbox 780 229 906 280; x_wconf 67' lang='lat' dir='ltr'><strong>nnnooz</strong></span> 
     </span>
    </p>
   </div>
   <div class='ocr_carea' id='block_1_2' title="bbox 382 361 1134 1006">
    <p class='ocr_par' dir='ltr' id='par_1_2' title="bbox 383 361 902 427">
     <span class='ocr_line' id='line_1_2' title="bbox 383 361 902 427; baseline 0.002 -17"><span class='ocrx_word' id='word_1_4' title='bbox 383 361 526 411; x_wconf 84' lang='lat' dir='ltr'><strong>Retioulum</strong></span> <span class='ocrx_word' id='word_1_5' title='bbox 537 362 610 427; x_wconf 83' lang='lat' dir='ltr'><strong>panis</strong></span> <span class='ocrx_word' id='word_1_6' title='bbox 622 365 724 413; x_wconf 78' lang='lat' dir='ltr'><strong>venales</strong></span> <span class='ocrx_word' id='word_1_7' title='bbox 735 362 803 412; x_wconf 87' lang='lat' dir='ltr'><strong>inter</strong></span> <span class='ocrx_word' id='word_1_8' title='bbox 813 369 902 412; x_wconf 86' lang='lat' dir='ltr'><strong>onusto</strong></span> 
     </span>
    </p>

    <p class='ocr_par' dir='ltr' id='par_1_3' title="bbox 383 445 1012 511">
     <span class='ocr_line' id='line_1_3' title="bbox 383 445 1012 511; baseline 0.002 -18"><span class='ocrx_word' id='word_1_9' title='bbox 383 445 457 494; x_wconf 88' lang='lat' dir='ltr'><strong>Forte</strong></span> <span class='ocrx_word' id='word_1_10' title='bbox 468 445 545 495; x_wconf 80' lang='lat' dir='ltr'>vehas</span> <span class='ocrx_word' id='word_1_11' title='bbox 556 462 648 505; x_wconf 87' lang='lat' dir='ltr'><strong>umero,</strong></span> <span class='ocrx_word' id='word_1_12' title='bbox 661 446 741 495; x_wconf 87' lang='lat' dir='ltr'>nihilo</span> <span class='ocrx_word' id='word_1_13' title='bbox 752 447 809 511; x_wconf 86' lang='lat' dir='ltr'>plus</span> <span class='ocrx_word' id='word_1_14' title='bbox 820 445 926 510; x_wconf 75' lang='lat' dir='ltr'><strong>noeipins</strong></span> <span class='ocrx_word' id='word_1_15' title='bbox 937 462 1012 509; x_wconf 88' lang='lat' dir='ltr'><strong>quem</strong></span> 
     </span>
    </p>

    <p class='ocr_par' dir='ltr' id='par_1_4' title="bbox 382 526 990 593">
     <span class='ocr_line' id='line_1_4' title="bbox 382 526 990 593; baseline 0.005 -19"><span class='ocrx_word' id='word_1_16' title='bbox 382 526 431 582; x_wconf 78' lang='lat' dir='ltr'><strong>Qui</strong></span> <span class='ocrx_word' id='word_1_17' title='bbox 445 527 482 576; x_wconf 91' lang='lat' dir='ltr'><strong>nil</strong></span> <span class='ocrx_word' id='word_1_18' title='bbox 493 529 606 592; x_wconf 81' lang='lat' dir='ltr'><strong>portarit.</strong></span> <span class='ocrx_word' id='word_1_19' title='bbox 640 529 688 578; x_wconf 90' lang='lat' dir='ltr'><strong>Vel</strong></span> <span class='ocrx_word' id='word_1_20' title='bbox 699 529 739 578; x_wconf 85' lang='lat' dir='ltr'><strong>dic</strong></span> <span class='ocrx_word' id='word_1_21' title='bbox 750 528 810 593; x_wconf 86' lang='lat' dir='ltr'>quid</span> <span class='ocrx_word' id='word_1_22' title='bbox 820 529 912 577; x_wconf 82' lang='lat' dir='ltr'><strong>referat</strong></span> <span class='ocrx_word' id='word_1_23' title='bbox 922 528 990 577; x_wconf 80' lang='lat' dir='ltr'><strong>intra</strong></span> 
     </span>
    </p>

    <p class='ocr_par' dir='ltr' id='par_1_5' title="bbox 382 609 1134 923">
     <span class='ocr_line' id='line_1_5' title="bbox 382 609 1134 676; baseline 0.001 -18"><span class='ocrx_word' id='word_1_24' title='bbox 382 610 486 659; x_wconf 77' lang='lat' dir='ltr'><strong>Naturae</strong></span> <span class='ocrx_word' id='word_1_25' title='bbox 497 611 559 660; x_wconf 85' lang='lat' dir='ltr'><strong>fines</strong></span> <span class='ocrx_word' id='word_1_26' title='bbox 570 610 672 671; x_wconf 78' lang='lat' dir='ltr'><strong>viventi,</strong></span> <span class='ocrx_word' id='word_1_27' title='bbox 683 609 773 676; x_wconf 82' lang='lat' dir='ltr'><strong>jugere</strong></span> <span class='ocrx_word' id='word_1_28' title='bbox 783 618 882 660; x_wconf 83' lang='lat' dir='ltr'><strong>eentum</strong></span> <span class='ocrx_word' id='word_1_29' title='bbox 894 628 927 660; x_wconf 87' lang='lat' dir='ltr'><strong>nn</strong></span> <span class='ocrx_word' id='word_1_30' title='bbox 1102 615 1134 662; x_wconf 80' lang='lat'><strong>60</strong></span> 
     </span>
     <span class='ocr_line' id='line_1_6' title="bbox 382 691 1092 758; baseline 0.004 -18"><span class='ocrx_word' id='word_1_31' title='bbox 382 691 455 741; x_wconf 86' lang='lat' dir='ltr'>Mille</span> <span class='ocrx_word' id='word_1_32' title='bbox 466 696 539 743; x_wconf 79' lang='lat' dir='ltr'><strong>uret?</strong></span> <span class='ocrx_word' id='word_1_33' title='bbox 572 696 608 743; x_wconf 87' lang='lat' dir='ltr'><strong>At</strong></span> <span class='ocrx_word' id='word_1_34' title='bbox 619 711 695 744; x_wconf 71' lang='lat' dir='ltr'>suevo</span> <span class='ocrx_word' id='word_1_35' title='bbox 706 700 745 743; x_wconf 83' lang='lat' dir='ltr'><strong>eet</strong></span> <span class='ocrx_word' id='word_1_36' title='bbox 756 711 786 743; x_wconf 89' lang='lat' dir='ltr'><strong>ex</strong></span> <span class='ocrx_word' id='word_1_37' title='bbox 797 710 887 758; x_wconf 87' lang='lat' dir='ltr'><strong>mnguo</strong></span> <span class='ocrx_word' id='word_1_38' title='bbox 898 695 986 743; x_wconf 82' lang='lat' dir='ltr'><strong>tollere</strong></span> <span class='ocrx_word' id='word_1_39' title='bbox 998 710 1092 744; x_wconf 76' lang='lat' dir='ltr'><strong>acervo.</strong></span> 
     </span>
     <span class='ocr_line' id='line_1_7' title="bbox 383 774 1079 841; baseline 0.004 -18"><span class='ocrx_word' id='word_1_40' title='bbox 383 774 450 823; x_wconf 87' lang='lat' dir='ltr'><strong>Dum</strong></span> <span class='ocrx_word' id='word_1_41' title='bbox 461 792 492 824; x_wconf 85' lang='lat' dir='ltr'><strong>ex</strong></span> <span class='ocrx_word' id='word_1_42' title='bbox 502 793 580 841; x_wconf 87' lang='lat' dir='ltr'>parvo</span> <span class='ocrx_word' id='word_1_43' title='bbox 592 776 664 826; x_wconf 81' lang='lat' dir='ltr'>nobis</span> <span class='ocrx_word' id='word_1_44' title='bbox 675 776 823 826; x_wconf 79' lang='lat' dir='ltr'>tantundem</span> <span class='ocrx_word' id='word_1_45' title='bbox 834 776 934 826; x_wconf 80' lang='lat' dir='ltr'>haurire</span> <span class='ocrx_word' id='word_1_46' title='bbox 945 776 1079 841; x_wconf 62' lang='lat' dir='ltr'><strong>relinquite,</strong></span> 
     </span>
     <span class='ocr_line' id='line_1_8' title="bbox 383 856 1023 923; baseline 0.005 -18"><span class='ocrx_word' id='word_1_47' title='bbox 383 856 434 905; x_wconf 84' lang='lat' dir='ltr'><strong>Cur</strong></span> <span class='ocrx_word' id='word_1_48' title='bbox 444 863 488 907; x_wconf 84' lang='lat' dir='ltr'><strong>tun</strong></span> <span class='ocrx_word' id='word_1_49' title='bbox 499 859 556 922; x_wconf 83' lang='lat' dir='ltr'>plus</span> <span class='ocrx_word' id='word_1_50' title='bbox 568 858 654 908; x_wconf 81' lang='lat' dir='ltr'>laudes</span> <span class='ocrx_word' id='word_1_51' title='bbox 666 859 771 908; x_wconf 80' lang='lat' dir='ltr'><strong>cumeris</strong></span> <span class='ocrx_word' id='word_1_52' title='bbox 782 859 900 923; x_wconf 82' lang='lat' dir='ltr'><strong>granaria</strong></span> <span class='ocrx_word' id='word_1_53' title='bbox 911 858 1023 908; x_wconf 80' lang='lat' dir='ltr'><strong>nostris?</strong></span> 
     </span>
    </p>

    <p class='ocr_par' dir='ltr' id='par_1_6' title="bbox 382 940 989 1006">
     <span class='ocr_line' id='line_1_9' title="bbox 382 940 989 1006; baseline 0.003 -18"><span class='ocrx_word' id='word_1_54' title='bbox 382 940 420 988; x_wconf 91' lang='lat' dir='ltr'><strong>Ut</strong></span> <span class='ocrx_word' id='word_1_55' title='bbox 430 940 477 989; x_wconf 87' lang='lat' dir='ltr'><strong>tibi</strong></span> <span class='ocrx_word' id='word_1_56' title='bbox 490 941 512 989; x_wconf 83' lang='lat' dir='ltr'><strong>si</strong></span> <span class='ocrx_word' id='word_1_57' title='bbox 524 941 559 990; x_wconf 86' lang='lat' dir='ltr'><strong>eit</strong></span> <span class='ocrx_word' id='word_1_58' title='bbox 569 958 631 1005; x_wconf 83' lang='lat' dir='ltr'>opus</span> <span class='ocrx_word' id='word_1_59' title='bbox 643 941 731 1006; x_wconf 87' lang='lat' dir='ltr'>liquidi</span> <span class='ocrx_word' id='word_1_60' title='bbox 744 958 793 992; x_wconf 92' lang='lat' dir='ltr'><strong>non</strong></span> <span class='ocrx_word' id='word_1_61' title='bbox 805 942 914 1006; x_wconf 84' lang='lat' dir='ltr'><strong>emplius</strong></span> <span class='ocrx_word' id='word_1_62' title='bbox 925 959 989 990; x_wconf 80' lang='lat' dir='ltr'><strong>urna</strong></span> 
     </span>
    </p>
   </div>
   <div class='ocr_carea' id='block_1_3' title="bbox 283 1023 1133 1088">
    <p class='ocr_par' dir='ltr' id='par_1_7' title="bbox 283 1023 1133 1088">
     <span class='ocr_line' id='line_1_10' title="bbox 283 1023 1133 1088; baseline 0 -16"><span class='ocrx_word' id='word_1_63' title='bbox 283 1060 289 1072; x_wconf 86' lang='lat'><strong>.</strong></span> <span class='ocrx_word' id='word_1_64' title='bbox 382 1023 429 1071; x_wconf 90' lang='lat' dir='ltr'><strong>Vel</strong></span> <span class='ocrx_word' id='word_1_65' title='bbox 440 1024 530 1087; x_wconf 85' lang='lat' dir='ltr'><strong>oyntho</strong></span> <span class='ocrx_word' id='word_1_66' title='bbox 541 1030 567 1072; x_wconf 90' lang='lat' dir='ltr'><strong>et</strong></span> <span class='ocrx_word' id='word_1_67' title='bbox 575 1024 657 1074; x_wconf 79' lang='lat' dir='ltr'>dions:</span> <span class='ocrx_word' id='word_1_68' title='bbox 675 1025 769 1088; x_wconf 82' lang='lat' dir='ltr'>Magno</span> <span class='ocrx_word' id='word_1_69' title='bbox 780 1024 811 1074; x_wconf 86' lang='lat' dir='ltr'><strong>de</strong></span> <span class='ocrx_word' id='word_1_70' title='bbox 822 1025 924 1074; x_wconf 87' lang='lat' dir='ltr'><strong>flumine</strong></span> <span class='ocrx_word' id='word_1_71' title='bbox 935 1025 1036 1074; x_wconf 79' lang='lat' dir='ltr'><strong>mollem</strong></span> <span class='ocrx_word' id='word_1_72' title='bbox 1101 1027 1133 1073; x_wconf 80' lang='lat'><strong>55</strong></span> 
     </span>
    </p>
   </div>
   <div class='ocr_carea' id='block_1_4' title="bbox 382 1105 1089 1166">
    <p class='ocr_par' dir='ltr' id='par_1_8' title="bbox 382 1105 1089 1166">
     <span class='ocr_line' id='line_1_11' title="bbox 382 1105 1089 1166; baseline 0 -11"><span class='ocrx_word' id='word_1_73' title='bbox 382 1105 462 1161; x_wconf 79' lang='lat' dir='ltr'><strong>Quum</strong></span> <span class='ocrx_word' id='word_1_74' title='bbox 474 1124 505 1156; x_wconf 87' lang='lat' dir='ltr'><strong>ex</strong></span> <span class='ocrx_word' id='word_1_75' title='bbox 515 1106 562 1157; x_wconf 88' lang='lat' dir='ltr'><strong>hoo</strong></span> <span class='ocrx_word' id='word_1_76' title='bbox 573 1107 693 1157; x_wconf 80' lang='lat' dir='ltr'>fonticulo</span> <span class='ocrx_word' id='word_1_77' title='bbox 707 1107 856 1157; x_wconf 79' lang='lat' dir='ltr'><strong>tantundem</strong></span> <span class='ocrx_word' id='word_1_78' title='bbox 867 1124 970 1158; x_wconf 83' lang='lat' dir='ltr'><strong>sumere.</strong></span> <span class='ocrx_word' id='word_1_79' title='bbox 1003 1108 1041 1157; x_wconf 85' lang='lat' dir='ltr'><strong>Eo</strong></span> <span class='ocrx_word' id='word_1_80' title='bbox 1052 1108 1089 1166; x_wconf 81' lang='lat' dir='ltr'><strong>fit,</strong></span> 
     </span>
    </p>
   </div>
   <div class='ocr_carea' id='block_1_5' title="bbox 209 1188 914 1259">
    <p class='ocr_par' dir='ltr' id='par_1_9' title="bbox 209 1179 914 1259">
     <span class='ocr_line' id='line_1_12' title="bbox 209 1188 914 1259; baseline 0.004 -22"><span class='ocrx_word' id='word_1_81' title='bbox 209 1252 212 1259; x_wconf 21' lang='grc' dir='ltr'><em>ι</em></span> <span class='ocrx_word' id='word_1_82' title='bbox 382 1188 486 1239; x_wconf 83' lang='lat' dir='ltr'><strong>Plenior</strong></span> <span class='ocrx_word' id='word_1_83' title='bbox 497 1195 526 1238; x_wconf 92' lang='lat' dir='ltr'><strong>ut</strong></span> <span class='ocrx_word' id='word_1_84' title='bbox 537 1190 559 1239; x_wconf 80' lang='lat' dir='ltr'><strong>si</strong></span> <span class='ocrx_word' id='word_1_85' title='bbox 570 1207 631 1255; x_wconf 89' lang='lat' dir='ltr'>quos</span> <span class='ocrx_word' id='word_1_86' title='bbox 643 1190 748 1240; x_wconf 82' lang='lat' dir='ltr'><strong>delectet</strong></span> <span class='ocrx_word' id='word_1_87' title='bbox 759 1190 829 1255; x_wconf 80' lang='lat' dir='ltr'>eopia</span> <span class='ocrx_word' id='word_1_88' title='bbox 837 1189 914 1256; x_wconf 86' lang='lat' dir='ltr'>justo,</span> 
     </span>
    </p>
   </div>
   <div class='ocr_carea' id='block_1_6' title="bbox 299 1272 1047 1420">
    <p class='ocr_par' dir='ltr' id='par_1_10' title="bbox 299 1272 1047 1420">
     <span class='ocr_line' id='line_1_13' title="bbox 347 1272 976 1339; baseline 0.003 -19"><span class='ocrx_word' id='word_1_89' title='bbox 347 1312 351 1315; x_wconf 95' lang='lat'>.</span> <span class='ocrx_word' id='word_1_90' title='bbox 368 1272 446 1321; x_wconf 76' lang='lat' dir='ltr'><strong>&#39;Cum</strong></span> <span class='ocrx_word' id='word_1_91' title='bbox 456 1272 513 1339; x_wconf 83' lang='lat' dir='ltr'><strong>ripn</strong></span> <span class='ocrx_word' id='word_1_92' title='bbox 524 1273 599 1322; x_wconf 82' lang='lat' dir='ltr'>simul</span> <span class='ocrx_word' id='word_1_93' title='bbox 610 1274 709 1322; x_wconf 81' lang='lat' dir='ltr'>avolsos</span> <span class='ocrx_word' id='word_1_94' title='bbox 720 1274 786 1321; x_wconf 82' lang='lat' dir='ltr'><strong>feret</strong></span> <span class='ocrx_word' id='word_1_95' title='bbox 796 1273 902 1322; x_wconf 86' lang='lat' dir='ltr'>Aufidus</span> <span class='ocrx_word' id='word_1_96' title='bbox 913 1288 976 1322; x_wconf 77' lang='lat' dir='ltr'><strong>acer.</strong></span> 
     </span>
     <span class='ocr_line' id='line_1_14' title="bbox 299 1355 1047 1420; baseline 0.003 -18"><span class='ocrx_word' id='word_1_97' title='bbox 299 1355 304 1363; x_wconf 86' lang='lat'>&#39;</span> <span class='ocrx_word' id='word_1_98' title='bbox 365 1362 368 1369; x_wconf 87' lang='grc'><em>“</em></span> <span class='ocrx_word' id='word_1_99' title='bbox 381 1355 469 1418; x_wconf 87' lang='lat' dir='ltr'><strong>Atqui</strong></span> <span class='ocrx_word' id='word_1_100' title='bbox 480 1355 573 1403; x_wconf 80' lang='lat' dir='ltr'><strong>tantuli</strong></span> <span class='ocrx_word' id='word_1_101' title='bbox 584 1361 640 1419; x_wconf 81' lang='lat' dir='ltr'><strong>eget</strong></span> <span class='ocrx_word' id='word_1_102' title='bbox 651 1362 770 1420; x_wconf 81' lang='lat' dir='ltr'><strong>quantost</strong></span> <span class='ocrx_word' id='word_1_103' title='bbox 780 1373 850 1420; x_wconf 84' lang='lat' dir='ltr'>opus,</span> <span class='ocrx_word' id='word_1_104' title='bbox 862 1355 885 1404; x_wconf 84' lang='lat' dir='ltr'><strong>is</strong></span> <span class='ocrx_word' id='word_1_105' title='bbox 897 1372 975 1420; x_wconf 85' lang='lat' dir='ltr'><strong>neque</strong></span> <span class='ocrx_word' id='word_1_106' title='bbox 986 1355 1047 1405; x_wconf 91' lang='lat' dir='ltr'><strong>limo</strong></span> 
     </span>
    </p>
   </div>
   <div class='ocr_carea' id='block_1_7' title="bbox 237 1426 1197 1513">
    <p class='ocr_par' dir='ltr' id='par_1_11' title="bbox 237 1426 1197 1513">
     <span class='ocr_line' id='line_1_15' title="bbox 237 1426 1197 1513; baseline 0.003 -28"><span class='ocrx_word' id='word_1_107' title='bbox 237 1426 240 1433; x_wconf 45' lang='lat'><strong><em>⁴</em></strong></span> <span class='ocrx_word' id='word_1_108' title='bbox 381 1437 1091 1503; x_wconf 75' lang='lat' dir='ltr'><strong>Turbatamhauritequomnequeuitamnmittitinundis.</strong></span> <span class='ocrx_word' id='word_1_109' title='bbox 1100 1442 1132 1488; x_wconf 85' lang='lat'><strong>60</strong></span> <span class='ocrx_word' id='word_1_110' title='bbox 1194 1510 1197 1513; x_wconf 26' lang='grc' dir='ltr'>Ι</span> 
     </span>
    </p>
   </div>
   <div class='ocr_carea' id='block_1_8' title="bbox 109 1526 289 1580">
    <p class='ocr_par' dir='ltr' id='par_1_12' title="bbox 109 1526 289 1580">
     <span class='ocr_line' id='line_1_16' title="bbox 109 1526 289 1580; baseline -0.006 -14"><span class='ocrx_word' id='word_1_111' title='bbox 109 1528 153 1566; x_wconf 79' lang='lat' dir='ltr'><strong>bon.</strong></span> <span class='ocrx_word' id='word_1_112' title='bbox 168 1527 194 1580; x_wconf 72' lang='grc' dir='ltr'><strong>ᾼ.</strong></span> <span class='ocrx_word' id='word_1_113' title='bbox 204 1526 228 1566; x_wconf 90' lang='lat' dir='ltr'><strong>P.</strong></span> <span class='ocrx_word' id='word_1_114' title='bbox 239 1527 289 1566; x_wconf 60' lang='lat'><strong>297:</strong></span> 
     </span>
    </p>
   </div>
   <div class='ocr_carea' id='block_1_9' title="bbox 108 2117 276 2166">
    <p class='ocr_par' dir='ltr' id='par_1_13' title="bbox 108 2117 276 2166">
     <span class='ocr_line' id='line_1_17' title="bbox 108 2117 276 2166; baseline -0.006 -8"><span class='ocrx_word' id='word_1_115' title='bbox 108 2117 140 2158; x_wconf 82' lang='lat'><strong>68.</strong></span> <span class='ocrx_word' id='word_1_116' title='bbox 154 2117 193 2166; x_wconf 78' lang='lat' dir='ltr'><strong>Ep.</strong></span> <span class='ocrx_word' id='word_1_117' title='bbox 203 2118 235 2158; x_wconf 76' lang='lat'><strong>17.</strong></span> <span class='ocrx_word' id='word_1_118' title='bbox 244 2118 276 2157; x_wconf 92' lang='lat'><strong>66.</strong></span> 
     </span>
    </p>
   </div>
   <div class='ocr_carea' id='block_1_10' title="bbox 109 2363 290 2416">
    <p class='ocr_par' dir='ltr' id='par_1_14' title="bbox 109 2363 290 2416">
     <span class='ocr_line' id='line_1_18' title="bbox 109 2363 290 2416; baseline -0.006 -11"><span class='ocrx_word' id='word_1_119' title='bbox 109 2375 140 2416; x_wconf 84' lang='lat'><strong>71.</strong></span> <span class='ocrx_word' id='word_1_120' title='bbox 154 2366 176 2407; x_wconf 79' lang='lat' dir='ltr'><strong>s,</strong></span> <span class='ocrx_word' id='word_1_121' title='bbox 186 2367 206 2407; x_wconf 80' lang='lat'><strong>2.</strong></span> <span class='ocrx_word' id='word_1_122' title='bbox 215 2363 290 2407; x_wconf 71' lang='lat' dir='ltr'>uuo.</span> 
     </span>
    </p>
   </div>
   <div class='ocr_carea' id='block_1_11' title="bbox 381 1520 1132 2657">
    <p class='ocr_par' dir='ltr' id='par_1_15' title="bbox 381 1520 1025 1586">
     <span class='ocr_line' id='line_1_19' title="bbox 381 1520 1025 1586; baseline 0.002 -17"><span class='ocrx_word' id='word_1_123' title='bbox 381 1522 417 1569; x_wconf 90' lang='lat' dir='ltr'><strong>At</strong></span> <span class='ocrx_word' id='word_1_124' title='bbox 427 1522 493 1571; x_wconf 81' lang='lat' dir='ltr'><strong>bone</strong></span> <span class='ocrx_word' id='word_1_125' title='bbox 504 1538 562 1585; x_wconf 83' lang='lat' dir='ltr'><strong>Pare</strong></span> <span class='ocrx_word' id='word_1_126' title='bbox 573 1521 703 1571; x_wconf 86' lang='lat' dir='ltr'><strong>hominum</strong></span> <span class='ocrx_word' id='word_1_127' title='bbox 714 1520 816 1585; x_wconf 77' lang='lat' dir='ltr'><strong>decepte</strong></span> <span class='ocrx_word' id='word_1_128' title='bbox 827 1520 942 1586; x_wconf 87' lang='lat' dir='ltr'><strong>cupidine</strong></span> <span class='ocrx_word' id='word_1_129' title='bbox 954 1522 1025 1581; x_wconf 83' lang='lat' dir='ltr'>falso,</span> 
     </span>
    </p>

    <p class='ocr_par' dir='ltr' id='par_1_16' title="bbox 381 1602 1132 2000">
     <span class='ocr_line' id='line_1_20' title="bbox 381 1602 1114 1668; baseline 0.001 -17"><span class='ocrx_word' id='word_1_130' title='bbox 381 1603 425 1651; x_wconf 89' lang='lat' dir='ltr'><strong>Nil</strong></span> <span class='ocrx_word' id='word_1_131' title='bbox 437 1602 499 1653; x_wconf 84' lang='lat' dir='ltr'><strong>entis</strong></span> <span class='ocrx_word' id='word_1_132' title='bbox 510 1611 556 1662; x_wconf 86' lang='lat' dir='ltr'><strong>est,</strong></span> <span class='ocrx_word' id='word_1_133' title='bbox 568 1603 660 1668; x_wconf 89' lang='lat' dir='ltr'><strong>inquit;</strong></span> <span class='ocrx_word' id='word_1_134' title='bbox 677 1604 736 1668; x_wconf 86' lang='lat' dir='ltr'>quia</span> <span class='ocrx_word' id='word_1_135' title='bbox 747 1603 820 1663; x_wconf 84' lang='lat' dir='ltr'><strong>tenti,</strong></span> <span class='ocrx_word' id='word_1_136' title='bbox 830 1609 950 1667; x_wconf 83' lang='lat' dir='ltr'><strong>quantum</strong></span> <span class='ocrx_word' id='word_1_137' title='bbox 960 1603 1061 1662; x_wconf 82' lang='lat' dir='ltr'><strong>habens,</strong></span> <span class='ocrx_word' id='word_1_138' title='bbox 1071 1602 1114 1652; x_wconf 87' lang='lat' dir='ltr'>sis.</span> 
     </span>
     <span class='ocr_line' id='line_1_21' title="bbox 381 1686 1039 1747; baseline -0.003 -11"><span class='ocrx_word' id='word_1_139' title='bbox 381 1686 448 1742; x_wconf 84' lang='lat' dir='ltr'><strong>Quid</strong></span> <span class='ocrx_word' id='word_1_140' title='bbox 459 1687 535 1736; x_wconf 79' lang='lat' dir='ltr'><strong>fanins</strong></span> <span class='ocrx_word' id='word_1_141' title='bbox 547 1686 604 1736; x_wconf 79' lang='lat' dir='ltr'>illi?</span> <span class='ocrx_word' id='word_1_142' title='bbox 623 1688 716 1736; x_wconf 81' lang='lat' dir='ltr'><strong>Jubens</strong></span> <span class='ocrx_word' id='word_1_143' title='bbox 728 1687 846 1736; x_wconf 82' lang='lat' dir='ltr'><strong>misorum</strong></span> <span class='ocrx_word' id='word_1_144' title='bbox 858 1703 919 1747; x_wconf 87' lang='lat' dir='ltr'><strong>esse,</strong></span> <span class='ocrx_word' id='word_1_145' title='bbox 931 1686 1039 1735; x_wconf 78' lang='lat' dir='ltr'>libenter</span> 
     </span>
     <span class='ocr_line' id='line_1_22' title="bbox 381 1768 1074 1834; baseline -0.003 -15"><span class='ocrx_word' id='word_1_146' title='bbox 381 1770 510 1826; x_wconf 78' lang='lat' dir='ltr'><strong>Quatenus</strong></span> <span class='ocrx_word' id='word_1_147' title='bbox 522 1770 548 1819; x_wconf 92' lang='lat' dir='ltr'><strong>id</strong></span> <span class='ocrx_word' id='word_1_148' title='bbox 559 1770 633 1819; x_wconf 77' lang='lat' dir='ltr'><strong>feeit:</strong></span> <span class='ocrx_word' id='word_1_149' title='bbox 652 1777 681 1818; x_wconf 86' lang='lat' dir='ltr'><strong>ut</strong></span> <span class='ocrx_word' id='word_1_150' title='bbox 692 1769 793 1834; x_wconf 83' lang='lat' dir='ltr'><strong>quidem</strong></span> <span class='ocrx_word' id='word_1_151' title='bbox 805 1777 956 1819; x_wconf 84' lang='lat' dir='ltr'><strong>memoratur</strong></span> <span class='ocrx_word' id='word_1_152' title='bbox 967 1768 1074 1818; x_wconf 80' lang='lat' dir='ltr'><strong>Athenis</strong></span> 
     </span>
     <span class='ocr_line' id='line_1_23' title="bbox 382 1852 1132 1917; baseline -0.003 -15"><span class='ocrx_word' id='word_1_153' title='bbox 382 1852 501 1902; x_wconf 82' lang='lat' dir='ltr'><strong>Sordidus</strong></span> <span class='ocrx_word' id='word_1_154' title='bbox 512 1870 541 1902; x_wconf 88' lang='lat' dir='ltr'><strong>no</strong></span> <span class='ocrx_word' id='word_1_155' title='bbox 551 1853 629 1912; x_wconf 85' lang='lat' dir='ltr'>dives,</span> <span class='ocrx_word' id='word_1_156' title='bbox 641 1852 726 1917; x_wconf 90' lang='lat' dir='ltr'>populi</span> <span class='ocrx_word' id='word_1_157' title='bbox 738 1859 894 1901; x_wconf 82' lang='lat' dir='ltr'><strong>contemnere</strong></span> <span class='ocrx_word' id='word_1_158' title='bbox 906 1868 977 1901; x_wconf 84' lang='lat' dir='ltr'><strong>voees</strong></span> <span class='ocrx_word' id='word_1_159' title='bbox 1100 1855 1132 1902; x_wconf 89' lang='lat'><strong>65</strong></span> 
     </span>
     <span class='ocr_line' id='line_1_24' title="bbox 383 1934 1041 2000; baseline -0.002 -15"><span class='ocrx_word' id='word_1_160' title='bbox 383 1935 423 1985; x_wconf 87' lang='lat' dir='ltr'><strong>Sio</strong></span> <span class='ocrx_word' id='word_1_161' title='bbox 433 1936 536 1985; x_wconf 83' lang='lat' dir='ltr'><strong>solitus:</strong></span> <span class='ocrx_word' id='word_1_162' title='bbox 554 1936 666 2000; x_wconf 85' lang='lat' dir='ltr'>Populus</span> <span class='ocrx_word' id='word_1_163' title='bbox 677 1951 717 1984; x_wconf 90' lang='lat' dir='ltr'><strong>me</strong></span> <span class='ocrx_word' id='word_1_164' title='bbox 729 1935 824 1994; x_wconf 77' lang='lat' dir='ltr'><strong>sibilet,</strong></span> <span class='ocrx_word' id='word_1_165' title='bbox 836 1934 937 1984; x_wconf 79' lang='lat' dir='ltr'><strong>etmihi</strong></span> <span class='ocrx_word' id='word_1_166' title='bbox 949 1934 1041 1998; x_wconf 79' lang='lat' dir='ltr'>plaudo</span> 
     </span>
    </p>

    <p class='ocr_par' dir='ltr' id='par_1_17' title="bbox 382 2017 1057 2165">
     <span class='ocr_line' id='line_1_25' title="bbox 382 2017 1057 2083; baseline 0.001 -16"><span class='ocrx_word' id='word_1_167' title='bbox 382 2018 441 2083; x_wconf 85' lang='lat' dir='ltr'><strong>Ipse</strong></span> <span class='ocrx_word' id='word_1_168' title='bbox 452 2018 526 2078; x_wconf 87' lang='lat' dir='ltr'><strong>domi,</strong></span> <span class='ocrx_word' id='word_1_169' title='bbox 539 2019 613 2067; x_wconf 86' lang='lat' dir='ltr'>simul</span> <span class='ocrx_word' id='word_1_170' title='bbox 623 2035 653 2067; x_wconf 86' lang='lat' dir='ltr'><strong>ne</strong></span> <span class='ocrx_word' id='word_1_171' title='bbox 665 2034 779 2067; x_wconf 80' lang='lat' dir='ltr'><strong>nummos</strong></span> <span class='ocrx_word' id='word_1_172' title='bbox 790 2019 943 2083; x_wconf 79' lang='lat' dir='ltr'><strong>contemplor</strong></span> <span class='ocrx_word' id='word_1_173' title='bbox 953 2017 980 2066; x_wconf 89' lang='lat' dir='ltr'><strong>in</strong></span> <span class='ocrx_word' id='word_1_174' title='bbox 992 2034 1057 2068; x_wconf 77' lang='lat' dir='ltr'><strong>arce.</strong></span> 
     </span>
     <span class='ocr_line' id='line_1_26' title="bbox 382 2101 950 2165; baseline -0.002 -15"><span class='ocrx_word' id='word_1_175' title='bbox 382 2103 503 2150; x_wconf 82' lang='lat' dir='ltr'><strong>Teutalus</strong></span> <span class='ocrx_word' id='word_1_176' title='bbox 514 2118 530 2150; x_wconf 88' lang='lat' dir='ltr'><strong>n</strong></span> <span class='ocrx_word' id='word_1_177' title='bbox 540 2101 618 2151; x_wconf 82' lang='lat' dir='ltr'>labris</span> <span class='ocrx_word' id='word_1_178' title='bbox 631 2101 719 2150; x_wconf 79' lang='lat' dir='ltr'><strong>sitiens</strong></span> <span class='ocrx_word' id='word_1_179' title='bbox 731 2101 854 2165; x_wconf 80' lang='lat' dir='ltr'><strong>fugientia</strong></span> <span class='ocrx_word' id='word_1_180' title='bbox 865 2107 950 2165; x_wconf 83' lang='lat' dir='ltr'><strong>ooptut</strong></span> 
     </span>
    </p>

    <p class='ocr_par' dir='ltr' id='par_1_18' title="bbox 381 2182 1132 2414">
     <span class='ocr_line' id='line_1_27' title="bbox 381 2182 1073 2243; baseline 0.001 -11"><span class='ocrx_word' id='word_1_181' title='bbox 381 2182 505 2234; x_wconf 84' lang='lat' dir='ltr'><strong>Flumina.</strong></span> <span class='ocrx_word' id='word_1_182' title='bbox 519 2220 526 2234; x_wconf 86' lang='lat'><strong>.</strong></span> <span class='ocrx_word' id='word_1_183' title='bbox 538 2221 544 2234; x_wconf 92' lang='lat'><strong>.</strong></span> <span class='ocrx_word' id='word_1_184' title='bbox 557 2221 563 2234; x_wconf 89' lang='lat'>.</span> <span class='ocrx_word' id='word_1_185' title='bbox 576 2183 644 2239; x_wconf 76' lang='lat' dir='ltr'>Quid</span> <span class='ocrx_word' id='word_1_186' title='bbox 654 2183 741 2233; x_wconf 78' lang='lat' dir='ltr'>rides?</span> <span class='ocrx_word' id='word_1_187' title='bbox 775 2183 994 2243; x_wconf 79' lang='lat' dir='ltr'><strong>Mutatonomine,</strong></span> <span class='ocrx_word' id='word_1_188' title='bbox 1006 2183 1073 2233; x_wconf 90' lang='lat' dir='ltr'><strong>dete</strong></span> 
     </span>
     <span class='ocr_line' id='line_1_28' title="bbox 381 2265 1132 2330; baseline 0 -16"><span class='ocrx_word' id='word_1_189' title='bbox 381 2265 479 2315; x_wconf 78' lang='lat' dir='ltr'>Fabula</span> <span class='ocrx_word' id='word_1_190' title='bbox 489 2272 618 2315; x_wconf 80' lang='lat' dir='ltr'><strong>narratur:</strong></span> <span class='ocrx_word' id='word_1_191' title='bbox 638 2265 762 2330; x_wconf 83' lang='lat' dir='ltr'><strong>congestis</strong></span> <span class='ocrx_word' id='word_1_192' title='bbox 774 2266 881 2330; x_wconf 88' lang='lat' dir='ltr'><strong>undique</strong></span> <span class='ocrx_word' id='word_1_193' title='bbox 893 2266 970 2316; x_wconf 81' lang='lat' dir='ltr'><strong>suecis</strong></span> <span class='ocrx_word' id='word_1_194' title='bbox 1100 2271 1132 2322; x_wconf 81' lang='lat'><strong>70</strong></span> 
     </span>
     <span class='ocr_line' id='line_1_29' title="bbox 382 2348 998 2414; baseline 0.003 -18"><span class='ocrx_word' id='word_1_195' title='bbox 382 2348 508 2397; x_wconf 84' lang='lat' dir='ltr'><strong>Indormis</strong></span> <span class='ocrx_word' id='word_1_196' title='bbox 520 2348 622 2397; x_wconf 79' lang='lat' dir='ltr'><strong>inhiens</strong></span> <span class='ocrx_word' id='word_1_197' title='bbox 634 2355 660 2398; x_wconf 92' lang='lat' dir='ltr'><strong>et</strong></span> <span class='ocrx_word' id='word_1_198' title='bbox 670 2354 797 2413; x_wconf 79' lang='lat' dir='ltr'><strong>tamquam</strong></span> <span class='ocrx_word' id='word_1_199' title='bbox 809 2365 908 2414; x_wconf 79' lang='lat' dir='ltr'><strong>parcere</strong></span> <span class='ocrx_word' id='word_1_200' title='bbox 920 2348 998 2398; x_wconf 77' lang='lat' dir='ltr'><strong>saenis</strong></span> 
     </span>
    </p>

    <p class='ocr_par' dir='ltr' id='par_1_19' title="bbox 382 2429 1002 2496">
     <span class='ocr_line' id='line_1_30' title="bbox 382 2429 1002 2496; baseline 0.003 -17"><span class='ocrx_word' id='word_1_201' title='bbox 382 2429 483 2494; x_wconf 81' lang='lat' dir='ltr'><strong>Cogeris</strong></span> <span class='ocrx_word' id='word_1_202' title='bbox 495 2436 540 2479; x_wconf 88' lang='lat' dir='ltr'><strong>nut</strong></span> <span class='ocrx_word' id='word_1_203' title='bbox 550 2430 625 2495; x_wconf 83' lang='lat' dir='ltr'>pictis</span> <span class='ocrx_word' id='word_1_204' title='bbox 636 2437 764 2496; x_wconf 79' lang='lat' dir='ltr'><strong>tamquam</strong></span> <span class='ocrx_word' id='word_1_205' title='bbox 775 2432 881 2495; x_wconf 80' lang='lat' dir='ltr'><strong>gaudere</strong></span> <span class='ocrx_word' id='word_1_206' title='bbox 893 2431 1002 2482; x_wconf 79' lang='lat' dir='ltr'><strong>tabellis,</strong></span> 
     </span>
    </p>

    <p class='ocr_par' dir='ltr' id='par_1_20' title="bbox 382 2513 1083 2657">
     <span class='ocr_line' id='line_1_31' title="bbox 382 2513 1083 2579; baseline 0.004 -17"><span class='ocrx_word' id='word_1_207' title='bbox 382 2513 469 2563; x_wconf 83' lang='lat' dir='ltr'><strong>Nescis</strong></span> <span class='ocrx_word' id='word_1_208' title='bbox 481 2529 529 2577; x_wconf 92' lang='lat' dir='ltr'><strong>quo</strong></span> <span class='ocrx_word' id='word_1_209' title='bbox 540 2514 624 2563; x_wconf 78' lang='lat' dir='ltr'><strong>velent</strong></span> <span class='ocrx_word' id='word_1_210' title='bbox 636 2516 771 2564; x_wconf 81' lang='lat' dir='ltr'><strong>nummus?</strong></span> <span class='ocrx_word' id='word_1_211' title='bbox 787 2531 860 2579; x_wconf 83' lang='lat' dir='ltr'><strong>quem</strong></span> <span class='ocrx_word' id='word_1_212' title='bbox 870 2515 981 2579; x_wconf 80' lang='lat' dir='ltr'><strong>praebeat</strong></span> <span class='ocrx_word' id='word_1_213' title='bbox 991 2516 1083 2565; x_wconf 78' lang='lat' dir='ltr'><strong>usum?</strong></span> 
     </span>
     <span class='ocr_line' id='line_1_32' title="bbox 382 2596 946 2657; baseline -0.002 -11"><span class='ocrx_word' id='word_1_214' title='bbox 382 2596 458 2646; x_wconf 79' lang='lat' dir='ltr'><strong>Panis</strong></span> <span class='ocrx_word' id='word_1_215' title='bbox 470 2604 574 2656; x_wconf 78' lang='lat' dir='ltr'><strong>ematur,</strong></span> <span class='ocrx_word' id='word_1_216' title='bbox 587 2597 650 2656; x_wconf 81' lang='lat' dir='ltr'>olus,</span> <span class='ocrx_word' id='word_1_217' title='bbox 660 2597 714 2647; x_wconf 82' lang='lat' dir='ltr'><strong>vini</strong></span> <span class='ocrx_word' id='word_1_218' title='bbox 726 2596 866 2657; x_wconf 76' lang='lat' dir='ltr'><strong>sextunius3</strong></span> <span class='ocrx_word' id='word_1_219' title='bbox 884 2596 946 2646; x_wconf 78' lang='lat' dir='ltr'><strong>adde</strong></span> 
     </span>
    </p>
   </div>
   <div class='ocr_carea' id='block_1_12' title="bbox 382 2755 1080 2868">
    <p class='ocr_par' dir='ltr' id='par_1_21' title="bbox 382 2755 1080 2868">
     <span class='ocr_line' id='line_1_33' title="bbox 382 2755 1080 2807; baseline 0.001 -12"><span class='ocrx_word' id='word_1_220' title='bbox 382 2756 415 2798; x_wconf 80' lang='lat'><strong>47.</strong></span> <span class='ocrx_word' id='word_1_221' title='bbox 428 2756 528 2807; x_wconf 80' lang='lat' dir='ltr'><strong>honusto,</strong></span> <span class='ocrx_word' id='word_1_222' title='bbox 536 2756 572 2795; x_wconf 83' lang='lat' dir='ltr'><strong>Hl.</strong></span> <span class='ocrx_word' id='word_1_223' title='bbox 582 2756 609 2795; x_wconf 89' lang='lat' dir='ltr'><strong>B.</strong></span> <span class='ocrx_word' id='word_1_224' title='bbox 620 2757 645 2795; x_wconf 74' lang='grc' dir='ltr'><strong>θ.</strong></span> <span class='ocrx_word' id='word_1_225' title='bbox 717 2757 753 2795; x_wconf 58' lang='lat' dir='ltr'><strong>dlx</strong></span> <span class='ocrx_word' id='word_1_226' title='bbox 764 2755 774 2794; x_wconf 72' lang='lat' dir='ltr'>l</span> <span class='ocrx_word' id='word_1_227' title='bbox 787 2757 880 2794; x_wconf 81' lang='lat' dir='ltr'><strong>ennvest.</strong></span> <span class='ocrx_word' id='word_1_228' title='bbox 952 2757 985 2797; x_wconf 76' lang='lat'><strong>55.</strong></span> <span class='ocrx_word' id='word_1_229' title='bbox 997 2755 1080 2796; x_wconf 73' lang='lat' dir='ltr'><strong>malim.</strong></span> 
     </span>
     <span class='ocr_line' id='line_1_34' title="bbox 538 2819 925 2868; baseline 0.003 -10"><span class='ocrx_word' id='word_1_230' title='bbox 538 2820 570 2859; x_wconf 77' lang='lat'><strong>58.</strong></span> <span class='ocrx_word' id='word_1_231' title='bbox 584 2819 675 2860; x_wconf 80' lang='lat' dir='ltr'><strong>evnleoe.</strong></span> <span class='ocrx_word' id='word_1_232' title='bbox 750 2819 783 2858; x_wconf 72' lang='lat'><strong>69.</strong></span> <span class='ocrx_word' id='word_1_233' title='bbox 796 2824 878 2868; x_wconf 82' lang='lat' dir='ltr'><strong>quanto</strong></span> <span class='ocrx_word' id='word_1_234' title='bbox 886 2819 925 2859; x_wconf 81' lang='lat' dir='ltr'><strong>eet.</strong></span> 
     </span>
    </p>
   </div>
   <div class='ocr_carea' id='block_1_13' title="bbox 0 0 1242 3284">
    <p class='ocr_par' dir='ltr' id='par_1_22' title="bbox 0 0 1242 3284">
     <span class='ocr_line' id='line_1_35' title="bbox 0 0 1242 3284; baseline 0 0"><span class='ocrx_word' id='word_1_235' title='bbox 0 0 1242 3284; x_wconf 95' lang='lat' dir='ltr'><strong> </strong></span> 
     </span>
    </p>
   </div>
  </div>
 </body>
</html>
