2475 3284
135 643 187 673 mm.
197 630 290 673 0.‘.’.16.
300 632 333 672 14.

135 1972 177 2008 ira.
191 1968 216 2008 lt.
225 1969 245 2007 1.
254 1968 286 2007 20.
295 1968 328 2007 25.

136 2065 167 2101 30.
181 2052 206 2092 Ε.
216 2053 263 2092 1.1.
276 2052 308 2090 94.

137 2297 308 2347 wamma

604 245 632 306 Q.
649 244 787 296 HORATI
803 245 930 296 FLAOOI

358 379 482 429 currebat
492 378 590 443 fugiens
600 380 706 439 hostem,
718 394 828 444 persaepe
839 379 909 428 velut
919 377 962 443 qui
1127 384 1159 430 10

358 463 376 512 J
376 462 465 511 unonis
477 478 548 512 sacra
558 463 651 522 ferret3
668 462 778 511 habebat
789 478 855 526 saeps
866 461 991 522 ducentos,

359 547 427 610 Saepe
438 545 521 595 decem
534 562 617 595 servos
628 564 634 605 3
653 545 727 595 modo
737 561 807 609 reges
819 550 893 609 atque
904 545 1050 605 tetrarchas,

359 629 450 678 Omnia
460 645 551 692 magna
562 629 666 693 loquens
672 647 678 688 ;
690 628 770 687 mode,
780 627 819 677 Sit
829 626 892 676 mihi
901 643 988 677 mensa
996 627 1074 693 tripes
1083 634 1108 678 et

358 712 459 762 Concha
470 711 531 761 selis
542 711 599 776 puri
611 718 637 760 et
647 718 713 775 toga,
725 727 779 775 quae
790 710 922 760 defendere
933 710 1012 775 frigus

358 794 479 851 Quamvis
491 810 575 844 crassa
586 800 668 859 queat.
702 793 790 843 Decies
802 799 906 843 centena
917 793 1028 842 dedisses
1129 797 1159 843 15

358 877 425 928 Huic
436 893 510 942 parco
521 877 606 941 paucis
617 863 741 936 contento,
752 875 860 941 quinque
871 876 959 925 diebus

358 961 403 1010 Nil
414 968 469 1010 erat
478 960 505 1009 in
517 960 613 1010 loculis.
647 960 739 1009 Noctes
750 957 874 1022 vigilabat
885 958 917 1007 ad
928 958 1012 1024 ipsum

357 1044 441 1103 Mane,
453 1043 519 1092 diem
531 1050 611 1092 totum
623 1042 752 1091 stertebat.
787 1042 831 1090 Nil
842 1041 892 1091 fuit
902 1058 1020 1106 umquam
1114 1046 1116 1049 '

357 1126 398 1177 Sic
408 1125 490 1192 impar
501 1124 557 1175 sibi.
591 1126 665 1175 Nunc
676 1125 766 1190 aliquis
778 1124 846 1174 dicat
856 1125 933 1174 mihi:
951 1125 1019 1181 Quid
1030 1127 1075 1175 tu?

356 1210 466 1259 Nullane
476 1210 554 1258 habes
565 1208 649 1259 vitia?
675 1210 757 1259 Immo
768 1209 819 1258 alia
831 1215 856 1259 et
866 1210 973 1258 fortasse
984 1209 1090 1260 minora.
1126 1213 1158 1260 20

357 1292 465 1342 Maenius
477 1294 605 1342 absentem
616 1292 726 1341 Novium
737 1309 793 1342 cum
804 1299 929 1357 serperet:
948 1293 1018 1342 Heus
1030 1300 1065 1353 tu,

358 1376 466 1431 Quidam
476 1375 521 1434 ait,
532 1375 633 1439 ignoras
644 1376 688 1424 te?
705 1391 738 1424 an
749 1382 778 1423 ut
788 1374 902 1438 ignotum
912 1375 972 1425 dare
984 1375 1057 1424 nobis

357 1460 440 1509 Verba
451 1460 543 1523 putas?
576 1458 684 1522 Egomet
693 1457 728 1507 mi
739 1457 847 1522 ignosco,
859 1457 967 1508 Maenius
978 1458 1067 1522 inquit.

358 1543 454 1591 Stultus
466 1549 491 1591 st
502 1541 629 1606 improbus
640 1541 681 1590 hic
692 1557 762 1590 amor
772 1548 812 1591 est
822 1540 959 1606 dignusque
971 1542 1059 1591 notari.

358 1626 421 1676 Cum
433 1632 477 1674 tua
487 1625 616 1690 pervideas
629 1625 707 1674 oculis
719 1626 786 1675 mala
797 1625 880 1690 lippus
892 1625 1009 1686 inunctis,
1126 1630 1158 1677 25

358 1709 410 1758 Cur
420 1709 447 1758 in
458 1709 594 1758 amicorum
604 1708 675 1758 vitiis
686 1715 739 1757 tam
751 1708 832 1758 cernis
843 1713 951 1767 acutum,

358 1794 439 1849 Quam
451 1798 495 1841 aut
503 1791 588 1856 aquila
598 1798 644 1841 aut
654 1808 756 1857 serpens
767 1791 939 1857 Epidaurius?
958 1793 1003 1861 ΙΑἰ
1014 1791 1061 1842 tibi
1070 1798 1158 1841 eontra

358 1874 457 1933 Evenit,
469 1874 598 1938 inquirant
608 1874 672 1923 vitia
682 1882 711 1923 ut
722 1881 766 1924 tua
777 1891 863 1924 rursus
874 1882 900 1924 et
910 1874 957 1925 illi.

358 1955 504 2006 Iracundior
515 1964 554 2006 est
565 1958 648 2022 paulo,
659 1958 743 2006 minus
755 1964 829 2022 aptus
841 1956 921 2007 acutis

358 2039 468 2089 Naribus
480 2040 569 2088 horum
580 2039 723 2099 hominum;
741 2040 817 2089 rideri
828 2040 909 2105 possit
920 2056 948 2090 eo
960 2041 1025 2105 quod
1126 2046 1158 2091 30

358 2123 486 2174 Rustieius
497 2130 569 2172 tonso
581 2130 640 2187 toga
650 2123 737 2172 defluit
745 2129 771 2173 st
782 2123 846 2173 male
857 2125 930 2173 laxus

359 2207 391 2255 In
402 2207 464 2271 pede
475 2208 571 2256 calceus
582 2207 675 2256 haerst:
693 2212 721 2256 at
731 2214 770 2256 est
781 2208 868 2268 bonus,
880 2214 909 2256 ut
919 2207 1008 2257 melior
1018 2207 1058 2257 vir

359 2292 416 2340 Non
428 2290 492 2339 alius
504 2289 642 2354 quisquam,
654 2296 682 2339 at
692 2289 740 2339 tibi
752 2290 854 2350 amicus,
866 2298 893 2340 at
903 2290 1032 2355 ingenium
1043 2291 1132 2355 ingens

359 2375 458 2424 Inculto
469 2374 531 2423 latct
542 2372 588 2421 hec
600 2374 647 2422 sub
658 2389 766 2437 corpore.
800 2373 912 2438 Denique
923 2380 948 2423 te
960 2373 1042 2439 ipsum

360 2457 476 2515 Concute,
488 2473 547 2505 num
559 2472 607 2520 qua
618 2455 666 2504 tibi
677 2456 796 2505 vitiorum
807 2456 927 2505 inseverit
938 2457 998 2506 olim
1123 2460 1156 2508 35

359 2540 457 2588 Natura
467 2545 512 2588 aut
522 2538 599 2589 etiam
610 2538 761 2588 consuetudo
771 2539 852 2598 mala3
870 2555 975 2603 namque

359 2622 486 2687 Neglectis
497 2623 592 2672 urenda
601 2622 657 2670 filix
668 2621 807 2671 innascitur
817 2622 892 2686 agris.

359 2706 425 2755 llluc
435 2713 621 2770 praevertamur‚
633 2711 769 2754 amatcrem
780 2705 846 2769 quod
856 2704 942 2755 smieae

536 2835 568 2873 15.
581 2832 683 2872 deciens.v
873 2835 905 2875 25.
918 2834 981 2875 mule.
