2475 3284
534 206 547 253 .'
604 202 633 263 Q.
650 201 792 254 Eoum
807 202 936 254 russel

367 335 487 387 Indotute
497 333 560 385 mihi
571 351 643 386 soror
653 341 699 395 est,
710 336 861 401 paupercule
870 341 958 394 metor,

367 419 403 469 Et
412 417 504 469 fundus
516 434 561 469 neo
571 417 706 469 vendibilis
718 435 763 469 nee
773 435 874 484 poscere
884 419 979 478 firmus,

368 502 417 559 Qui
428 501 497 561 dicit,
508 502 613 552 elamet:
631 501 733 551 Victum
743 500 809 551 dete.
842 500 953 551 Sueciuit
962 501 1041 551 ulter:

366 584 402 634 Et
411 584 475 634 mihi
485 584 588 635 dividuo
598 584 708 634 findetur
718 601 820 634 munere
831 583 934 648 quadra.

367 666 417 717 Sed
426 666 517 717 troitus
528 666 598 732 posci
609 666 633 716 si
643 672 729 731 posset
739 683 835 726 servus,
846 666 951 716 haberet

366 749 429 800 Plus
440 747 512 815 dapis
524 755 550 799 et
560 749 622 799 rixoe
632 750 712 799 multo
723 749 807 799 minus
818 748 975 814 invidiaeque.

235 873 241 886 .
264 873 270 886 .
366 832 529 882 Brundisium
539 848 620 883 comes
631 838 676 882 sut
687 832 833 882 Surrentum
844 830 933 881 duetus
944 845 1077 889 smoeuum,

269 924 275 937 ·
313 924 319 937 ·
366 914 416 971 Qui
426 914 539 979 queritur
550 915 662 965 salebras
674 920 699 964 et
709 915 825 965 acerbum
837 914 917 979 frigus
929 919 954 964 et
964 913 1066 973 imbres,

142 2125 184 2156 seu.
197 2114 222 2156 Ε.
231 2117 251 2156 1.
260 2115 292 2156 17.
302 2115 334 2156 19.

365 998 419 1048 Aut
428 998 517 1047 cistam
528 998 656 1048 effractum
666 1004 693 1048 et
703 997 825 1047 subducta
835 996 928 1047 viatico
938 997 1029 1061 plorat,

365 1081 433 1131 Nota
442 1082 520 1131 refert
529 1080 667 1132 meretricis
677 1080 799 1140 acumina,
811 1096 877 1145 saepe
888 1081 1012 1139 cutellum,

366 1164 436 1229 Saepe
446 1163 617 1229 periscelidem
628 1170 727 1229 raptem
739 1162 788 1213 sibi
800 1162 892 1222 flentis,
903 1163 942 1212 uti
952 1179 1011 1212 mox

365 1247 443 1296 Nulla
453 1246 515 1297 fides
526 1246 625 1297 damnis
635 1246 750 1311 verisque
760 1245 887 1296 doloribus
898 1245 973 1296 adsit

365 1330 418 1380 Nec
429 1331 505 1380 semel
514 1330 603 1380 irrisus
614 1330 698 1380 triviis
709 1330 824 1380 attollere
834 1335 905 1379 curat

365 1412 455 1462 Fracto
466 1429 537 1463 crure
547 1414 659 1479 planum,
670 1412 729 1463 lieet
739 1412 779 1461 illi
790 1412 898 1478 plurimu
910 1418 996 1463 munet

365 1494 487 1555 Inarime,
498 1511 543 1560 per
554 1502 668 1546 sunctum
675 1494 775 1561 juratus
786 1495 854 1545 dicut·
864 1494 971 1545 Osirim:

367 1578 473 1639 Credite,
485 1594 535 1628 uon
545 1577 618 1638 lud0;
636 1577 755 1639 crudeles,
767 1578 849 1628 tollite
860 1576 983 1627 claudum.

365 1660 454 1718 Quaere
464 1660 629 1726 peregrinum,
640 1660 733 1712 vicinis
743 1677 819 1712 ruueu
829 1661 955 1711 reclamet

713 1891 814 1942 xvm.

365 2023 393 2072 S1
404 2024 466 2073 bene
477 2029 503 2073 te
514 2023 580 2084 novi,
592 2029 696 2083 metues,
707 2022 834 2073 liberrime
844 2021 918 2083 Lolli,

364 2106 505 2155 Ssumuntis
517 2106 624 2171 speeiem
634 2107 752 2171 praebere,
763 2107 890 2171 professus
902 2104 1016 2155 amioum.

364 2189 402 2239 Ut
412 2195 526 2239 mutronu
537 2189 661 2239 meretrici
672 2189 759 2255 disper
769 2188 818 2239 erit
827 2196 901 2254 atque

365 2272 486 2333 Discolor,
497 2271 573 2322 infide
585 2289 675 2322 seurrae
685 2272 791 2322 distabit
801 2272 903 2323 amicus.

365 2355 480 2405 Esthuic
490 2355 617 2405 diversum
628 2354 690 2404 vitio
701 2355 791 2405 vitium
801 2371 878 2421 prope
889 2352 979 2419 majus,

364 2439 494 2503 Asperitas
506 2439 611 2503 agrestis
623 2445 649 2488 et
659 2438 805 2489 inconcinna
816 2438 956 2502 gravisque,

363 2521 425 2578 Quae
436 2539 462 2572 se
473 2521 629 2572 eemmendst
638 2528 712 2571 tonse
722 2529 786 2581 cute,
797 2520 914 2571 dentibus
925 2519 996 2580 stris,

364 2603 432 2654 Dum
442 2606 497 2655 volt
506 2604 611 2653 libertus
623 2604 672 2654 diei
683 2620 752 2654 meru
761 2620 868 2667 vereque
879 2603 968 2653 virtus.

282 2696 284 2700 ’
363 2687 450 2736 Vi1tus
461 2693 501 2737 est
510 2686 619 2737 medium
629 2686 747 2737 vitiorum
758 2693 783 2736 et
793 2686 917 2750 utrimque
927 2685 1064 2736 reductum.

141 2778 186 2829 imi,
194 2776 215 2819 S.
225 2779 244 2821 1.
253 2778 274 2822 4.
282 2778 316 2821 87.

363 2769 435 2820 Alter
445 2768 473 2818 iu
484 2769 629 2834 obsequium
640 2769 697 2834 plus
708 2785 777 2833 euque
788 2784 881 2833 pronus
892 2775 918 2819 et
928 2767 973 2817 imi
