<?xml version="1.0" encoding="UTF-8"?>
<!DOCTYPE html PUBLIC "-//W3C//DTD XHTML 1.0 Transitional//EN"
    "http://www.w3.org/TR/xhtml1/DTD/xhtml1-transitional.dtd">
<html xmlns="http://www.w3.org/1999/xhtml" xml:lang="en" lang="en">
 <head>
  <title>
</title>
<meta http-equiv="Content-Type" content="text/html;charset=utf-8" />
  <meta name='ocr-system' content='tesseract 3.04.00' />
  <meta name='ocr-capabilities' content='ocr_page ocr_carea ocr_par ocr_line ocrx_word'/>
</head>
<body>
  <div class='ocr_page' id='page_1' title='image "./horace00yonggoog_0274.png"; bbox 0 0 2475 3284; ppageno 0'>
   <div class='ocr_carea' id='block_1_1' title="bbox 144 231 940 293">
    <p class='ocr_par' dir='ltr' id='par_1_1' title="bbox 144 231 940 293">
     <span class='ocr_line' id='line_1_1' title="bbox 144 231 940 293; baseline -0.01 -3"><span class='ocrx_word' id='word_1_1' title='bbox 144 232 202 292; x_wconf 83' lang='grc'>250</span> <span class='ocrx_word' id='word_1_2' title='bbox 611 232 640 293; x_wconf 76' lang='lat' dir='ltr'>Q.</span> <span class='ocrx_word' id='word_1_3' title='bbox 656 232 796 283; x_wconf 77' lang='lat' dir='ltr'><em>HORATI</em></span> <span class='ocrx_word' id='word_1_4' title='bbox 811 231 940 283; x_wconf 67' lang='lat' dir='ltr'>asscel</span> 
     </span>
    </p>
   </div>
   <div class='ocr_carea' id='block_1_2' title="bbox 143 364 1040 719">
    <p class='ocr_par' dir='ltr' id='par_1_2' title="bbox 143 364 1040 719">
     <span class='ocr_line' id='line_1_2' title="bbox 143 364 969 430; baseline 0.002 -18"><span class='ocrx_word' id='word_1_5' title='bbox 143 382 176 413; x_wconf 86' lang='lat'>22.</span> <span class='ocrx_word' id='word_1_6' title='bbox 189 372 213 413; x_wconf 80' lang='lat'>0.</span> <span class='ocrx_word' id='word_1_7' title='bbox 223 373 243 414; x_wconf 78' lang='lat' dir='ltr'>a.</span> <span class='ocrx_word' id='word_1_8' title='bbox 254 373 286 415; x_wconf 84' lang='lat'>1⁰.</span> <span class='ocrx_word' id='word_1_9' title='bbox 296 374 316 416; x_wconf 78' lang='lat' dir='ltr'>t.</span> <span class='ocrx_word' id='word_1_10' title='bbox 367 366 462 430; x_wconf 80' lang='lat' dir='ltr'>Nempe</span> <span class='ocrx_word' id='word_1_11' title='bbox 473 365 539 415; x_wconf 84' lang='lat' dir='ltr'>inter</span> <span class='ocrx_word' id='word_1_12' title='bbox 549 365 634 415; x_wconf 86' lang='lat' dir='ltr'>varias</span> <span class='ocrx_word' id='word_1_13' title='bbox 645 365 756 414; x_wconf 75' lang='lat' dir='ltr'>nutrium</span> <span class='ocrx_word' id='word_1_14' title='bbox 767 364 832 415; x_wconf 79' lang='lat' dir='ltr'>silva</span> <span class='ocrx_word' id='word_1_15' title='bbox 841 366 969 415; x_wconf 86' lang='lat' dir='ltr'>columnas</span> 
     </span>
     <span class='ocr_line' id='line_1_3' title="bbox 366 447 1036 513; baseline -0.001 -16"><span class='ocrx_word' id='word_1_16' title='bbox 366 447 542 513; x_wconf 71' lang='lat' dir='ltr'>Laudaturque</span> <span class='ocrx_word' id='word_1_17' title='bbox 553 448 650 506; x_wconf 86' lang='lat' dir='ltr'>demus,</span> <span class='ocrx_word' id='word_1_18' title='bbox 661 448 748 511; x_wconf 86' lang='lat' dir='ltr'>longos</span> <span class='ocrx_word' id='word_1_19' title='bbox 759 463 814 512; x_wconf 82' lang='lat' dir='ltr'>quae</span> <span class='ocrx_word' id='word_1_20' title='bbox 825 447 945 512; x_wconf 77' lang='lat' dir='ltr'>prospicit</span> <span class='ocrx_word' id='word_1_21' title='bbox 955 462 1036 510; x_wconf 81' lang='lat' dir='ltr'>egres.</span> 
     </span>
     <span class='ocr_line' id='line_1_4' title="bbox 366 531 1011 596; baseline 0 -17"><span class='ocrx_word' id='word_1_22' title='bbox 366 531 489 581; x_wconf 79' lang='lat' dir='ltr'>Naturam</span> <span class='ocrx_word' id='word_1_23' title='bbox 500 532 610 596; x_wconf 82' lang='lat' dir='ltr'>expellas</span> <span class='ocrx_word' id='word_1_24' title='bbox 622 533 699 589; x_wconf 74' lang='lat' dir='ltr'>fimes,</span> <span class='ocrx_word' id='word_1_25' title='bbox 710 537 794 580; x_wconf 84' lang='lat' dir='ltr'>tamen</span> <span class='ocrx_word' id='word_1_26' title='bbox 806 547 883 595; x_wconf 88' lang='lat' dir='ltr'>usque</span> <span class='ocrx_word' id='word_1_27' title='bbox 894 536 1011 590; x_wconf 88' lang='lat' dir='ltr'>recurret,</span> 
     </span>
     <span class='ocr_line' id='line_1_5' title="bbox 366 611 1040 719; baseline -0.003 -56"><span class='ocrx_word' id='word_1_28' title='bbox 366 612 401 663; x_wconf 81' lang='lat' dir='ltr'>Et</span> <span class='ocrx_word' id='word_1_29' title='bbox 412 615 478 663; x_wconf 87' lang='lat' dir='ltr'>mala</span> <span class='ocrx_word' id='word_1_30' title='bbox 489 619 633 678; x_wconf 79' lang='lat' dir='ltr'><strong>perrumpet</strong></span> <span class='ocrx_word' id='word_1_31' title='bbox 642 612 731 661; x_wconf 88' lang='lat' dir='ltr'>furtim</span> <span class='ocrx_word' id='word_1_32' title='bbox 742 611 846 662; x_wconf 84' lang='lat' dir='ltr'>fastidia</span> <span class='ocrx_word' id='word_1_33' title='bbox 856 613 1040 719; x_wconf 44' lang='lat' dir='ltr'>victrixw</span> 
     </span>
    </p>
   </div>
   <div class='ocr_carea' id='block_1_3' title="bbox 139 695 1171 2744">
    <p class='ocr_par' dir='ltr' id='par_1_3' title="bbox 139 695 1171 2744">
     <span class='ocr_line' id='line_1_6' title="bbox 366 695 952 761; baseline 0 -16"><span class='ocrx_word' id='word_1_34' title='bbox 366 696 431 756; x_wconf 91' lang='lat' dir='ltr'>Non,</span> <span class='ocrx_word' id='word_1_35' title='bbox 442 696 484 761; x_wconf 91' lang='lat' dir='ltr'>qui</span> <span class='ocrx_word' id='word_1_36' title='bbox 496 696 597 746; x_wconf 84' lang='lat' dir='ltr'>Sidonio</span> <span class='ocrx_word' id='word_1_37' title='bbox 608 695 755 745; x_wconf 86' lang='lat' dir='ltr'>contendere</span> <span class='ocrx_word' id='word_1_38' title='bbox 766 695 872 745; x_wconf 88' lang='lat' dir='ltr'>callidus</span> <span class='ocrx_word' id='word_1_39' title='bbox 884 702 952 745; x_wconf 86' lang='lat' dir='ltr'>ostro</span> 
     </span>
     <span class='ocr_line' id='line_1_7' title="bbox 139 772 944 843; baseline 0 -16"><span class='ocrx_word' id='word_1_40' title='bbox 139 783 184 829; x_wconf 76' lang='lat' dir='ltr'>sue.</span> <span class='ocrx_word' id='word_1_41' title='bbox 198 780 251 821; x_wconf 63' lang='grc'><strong>(1.3.</strong></span> <span class='ocrx_word' id='word_1_42' title='bbox 261 783 279 821; x_wconf 73' lang='lat' dir='ltr'>e.</span> <span class='ocrx_word' id='word_1_43' title='bbox 289 782 321 823; x_wconf 72' lang='lat'>98.</span> <span class='ocrx_word' id='word_1_44' title='bbox 366 778 452 828; x_wconf 93' lang='lat' dir='ltr'>Nescit</span> <span class='ocrx_word' id='word_1_45' title='bbox 461 777 611 843; x_wconf 78' lang='lat' dir='ltr'><strong>Aquinatem</strong></span> <span class='ocrx_word' id='word_1_46' title='bbox 623 777 737 843; x_wconf 82' lang='lat' dir='ltr'>potantia</span> <span class='ocrx_word' id='word_1_47' title='bbox 747 772 840 827; x_wconf 70' lang='lat' dir='ltr'>uellera</span> <span class='ocrx_word' id='word_1_48' title='bbox 852 779 944 837; x_wconf 84' lang='lat' dir='ltr'>fucum,</span> 
     </span>
     <span class='ocr_line' id='line_1_8' title="bbox 367 859 989 926; baseline -0.003 -15"><span class='ocrx_word' id='word_1_49' title='bbox 367 861 465 911; x_wconf 86' lang='lat' dir='ltr'>Certius</span> <span class='ocrx_word' id='word_1_50' title='bbox 476 860 580 926; x_wconf 75' lang='lat' dir='ltr'>accipiet</span> <span class='ocrx_word' id='word_1_51' title='bbox 590 860 708 911; x_wconf 85' lang='lat' dir='ltr'>damnum</span> <span class='ocrx_word' id='word_1_52' title='bbox 720 859 853 925; x_wconf 83' lang='lat' dir='ltr'>propiusve</span> <span class='ocrx_word' id='word_1_53' title='bbox 864 860 989 920; x_wconf 88' lang='lat' dir='ltr'>medullis,</span> 
     </span>
     <span class='ocr_line' id='line_1_9' title="bbox 366 931 1036 1007; baseline 0 -15"><span class='ocrx_word' id='word_1_54' title='bbox 366 944 448 999; x_wconf 86' lang='lat' dir='ltr'>Quam</span> <span class='ocrx_word' id='word_1_55' title='bbox 460 942 502 1007; x_wconf 90' lang='lat' dir='ltr'>qui</span> <span class='ocrx_word' id='word_1_56' title='bbox 514 959 563 992; x_wconf 91' lang='lat' dir='ltr'>non</span> <span class='ocrx_word' id='word_1_57' title='bbox 575 942 668 1007; x_wconf 89' lang='lat' dir='ltr'>poterit</span> <span class='ocrx_word' id='word_1_58' title='bbox 679 959 737 992; x_wconf 86' lang='lat' dir='ltr'>vero</span> <span class='ocrx_word' id='word_1_59' title='bbox 748 942 901 1007; x_wconf 82' lang='lat' dir='ltr'>distinguere</span> <span class='ocrx_word' id='word_1_60' title='bbox 912 944 1012 993; x_wconf 82' lang='lat' dir='ltr'>falsum.</span> <span class='ocrx_word' id='word_1_61' title='bbox 1034 931 1036 933; x_wconf 31' lang='lat'>¹</span> 
     </span>
     <span class='ocr_line' id='line_1_10' title="bbox 142 1025 953 1095; baseline 0.002 -22"><span class='ocrx_word' id='word_1_62' title='bbox 142 1045 342 1095; x_wconf 77' lang='lat' dir='ltr'>aim.0.1.18.1t;</span> <span class='ocrx_word' id='word_1_63' title='bbox 367 1026 446 1082; x_wconf 80' lang='lat' dir='ltr'>Quem</span> <span class='ocrx_word' id='word_1_64' title='bbox 456 1042 496 1075; x_wconf 89' lang='lat' dir='ltr'>res</span> <span class='ocrx_word' id='word_1_65' title='bbox 507 1027 565 1090; x_wconf 92' lang='lat' dir='ltr'>plus</span> <span class='ocrx_word' id='word_1_66' title='bbox 576 1025 655 1075; x_wconf 86' lang='lat' dir='ltr'>nimie</span> <span class='ocrx_word' id='word_1_67' title='bbox 666 1025 819 1075; x_wconf 67' lang='lat' dir='ltr'>delectavere</span> <span class='ocrx_word' id='word_1_68' title='bbox 831 1025 953 1084; x_wconf 77' lang='lat' dir='ltr'>secundae,</span> 
     </span>
     <span class='ocr_line' id='line_1_11' title="bbox 267 1097 969 1173; baseline 0.001 -16"><span class='ocrx_word' id='word_1_69' title='bbox 267 1098 299 1138; x_wconf 71' lang='lat'>3³·</span> <span class='ocrx_word' id='word_1_70' title='bbox 309 1097 328 1137; x_wconf 83' lang='lat'>¹·</span> <span class='ocrx_word' id='word_1_71' title='bbox 366 1108 472 1158; x_wconf 80' lang='lat' dir='ltr'>Mutatae</span> <span class='ocrx_word' id='word_1_72' title='bbox 482 1108 605 1173; x_wconf 85' lang='lat' dir='ltr'>quatient.</span> <span class='ocrx_word' id='word_1_73' title='bbox 639 1108 666 1157; x_wconf 86' lang='lat' dir='ltr'>Si</span> <span class='ocrx_word' id='word_1_74' title='bbox 678 1106 737 1173; x_wconf 90' lang='lat' dir='ltr'>quid</span> <span class='ocrx_word' id='word_1_75' title='bbox 748 1108 879 1167; x_wconf 83' lang='lat' dir='ltr'>mirabere,</span> <span class='ocrx_word' id='word_1_76' title='bbox 891 1124 969 1173; x_wconf 85' lang='lat' dir='ltr'>pones</span> 
     </span>
     <span class='ocr_line' id='line_1_12' title="bbox 365 1189 1022 1256; baseline 0.002 -17"><span class='ocrx_word' id='word_1_77' title='bbox 365 1189 473 1240; x_wconf 86' lang='lat' dir='ltr'>Invitus.</span> <span class='ocrx_word' id='word_1_78' title='bbox 506 1190 575 1254; x_wconf 69' lang='lat' dir='ltr'>llige</span> <span class='ocrx_word' id='word_1_79' title='bbox 585 1207 691 1254; x_wconf 74' lang='lat' dir='ltr'>magna5</span> <span class='ocrx_word' id='word_1_80' title='bbox 708 1190 768 1240; x_wconf 90' lang='lat' dir='ltr'>licet</span> <span class='ocrx_word' id='word_1_81' title='bbox 779 1191 825 1240; x_wconf 88' lang='lat' dir='ltr'>sub</span> <span class='ocrx_word' id='word_1_82' title='bbox 836 1207 945 1256; x_wconf 79' lang='lat' dir='ltr'>paupere</span> <span class='ocrx_word' id='word_1_83' title='bbox 956 1196 1022 1240; x_wconf 85' lang='lat' dir='ltr'>tecte</span> 
     </span>
     <span class='ocr_line' id='line_1_13' title="bbox 140 1273 916 1339; baseline 0.013 -24"><span class='ocrx_word' id='word_1_84' title='bbox 140 1288 194 1326; x_wconf 77' lang='lat' dir='ltr'>pree.</span> <span class='ocrx_word' id='word_1_85' title='bbox 207 1278 228 1318; x_wconf 78' lang='lat' dir='ltr'>s,</span> <span class='ocrx_word' id='word_1_86' title='bbox 238 1280 257 1319; x_wconf 87' lang='lat'>1.</span> <span class='ocrx_word' id='word_1_87' title='bbox 266 1278 286 1318; x_wconf 80' lang='grc'>7.</span> <span class='ocrx_word' id='word_1_88' title='bbox 296 1278 315 1318; x_wconf 80' lang='lat' dir='ltr'>t.</span> <span class='ocrx_word' id='word_1_89' title='bbox 365 1273 446 1338; x_wconf 79' lang='lat' dir='ltr'>Reges</span> <span class='ocrx_word' id='word_1_90' title='bbox 458 1281 484 1323; x_wconf 90' lang='lat' dir='ltr'>et</span> <span class='ocrx_word' id='word_1_91' title='bbox 493 1290 580 1338; x_wconf 78' lang='lat' dir='ltr'>regum</span> <span class='ocrx_word' id='word_1_92' title='bbox 590 1274 645 1325; x_wconf 75' lang='lat' dir='ltr'>vita</span> <span class='ocrx_word' id='word_1_93' title='bbox 655 1291 805 1339; x_wconf 82' lang='lat' dir='ltr'>praecurrere</span> <span class='ocrx_word' id='word_1_94' title='bbox 816 1275 916 1326; x_wconf 83' lang='lat' dir='ltr'>amicos.</span> 
     </span>
     <span class='ocr_line' id='line_1_14' title="bbox 366 1357 1032 1432; baseline 0 -25"><span class='ocrx_word' id='word_1_95' title='bbox 366 1358 459 1407; x_wconf 79' lang='lat' dir='ltr'>Cervus</span> <span class='ocrx_word' id='word_1_96' title='bbox 470 1373 559 1421; x_wconf 90' lang='lat' dir='ltr'>equum</span> <span class='ocrx_word' id='word_1_97' title='bbox 570 1374 655 1422; x_wconf 81' lang='lat' dir='ltr'>pugna</span> <span class='ocrx_word' id='word_1_98' title='bbox 665 1358 754 1407; x_wconf 88' lang='lat' dir='ltr'>melior</span> <span class='ocrx_word' id='word_1_99' title='bbox 764 1357 935 1432; x_wconf 70' lang='lat' dir='ltr'>communibus</span> <span class='ocrx_word' id='word_1_100' title='bbox 947 1357 1032 1407; x_wconf 84' lang='lat' dir='ltr'>herbis</span> 
     </span>
     <span class='ocr_line' id='line_1_15' title="bbox 364 1438 936 1505; baseline 0.003 -18"><span class='ocrx_word' id='word_1_101' title='bbox 364 1438 486 1499; x_wconf 86' lang='lat' dir='ltr'>Pellebat,</span> <span class='ocrx_word' id='word_1_102' title='bbox 497 1439 575 1489; x_wconf 89' lang='lat' dir='ltr'>donec</span> <span class='ocrx_word' id='word_1_103' title='bbox 585 1440 667 1489; x_wconf 90' lang='lat' dir='ltr'>minor</span> <span class='ocrx_word' id='word_1_104' title='bbox 678 1440 705 1489; x_wconf 92' lang='lat' dir='ltr'>in</span> <span class='ocrx_word' id='word_1_105' title='bbox 716 1440 850 1490; x_wconf 85' lang='lat' dir='ltr'>certamine</span> <span class='ocrx_word' id='word_1_106' title='bbox 861 1441 936 1505; x_wconf 85' lang='lat' dir='ltr'>longo</span> 
     </span>
     <span class='ocr_line' id='line_1_16' title="bbox 365 1521 980 1588; baseline 0.005 -18"><span class='ocrx_word' id='word_1_107' title='bbox 365 1521 515 1586; x_wconf 83' lang='lat' dir='ltr'>Imploravit</span> <span class='ocrx_word' id='word_1_108' title='bbox 525 1539 584 1588; x_wconf 87' lang='lat' dir='ltr'>opes</span> <span class='ocrx_word' id='word_1_109' title='bbox 595 1523 704 1573; x_wconf 86' lang='lat' dir='ltr'>hominis</span> <span class='ocrx_word' id='word_1_110' title='bbox 716 1525 861 1587; x_wconf 83' lang='lat' dir='ltr'>frenumque</span> <span class='ocrx_word' id='word_1_111' title='bbox 872 1523 980 1588; x_wconf 89' lang='lat' dir='ltr'>recepit;</span> 
     </span>
     <span class='ocr_line' id='line_1_17' title="bbox 366 1604 1014 1670; baseline 0.003 -16"><span class='ocrx_word' id='word_1_112' title='bbox 366 1604 414 1654; x_wconf 87' lang='lat' dir='ltr'>Sed</span> <span class='ocrx_word' id='word_1_113' title='bbox 424 1611 556 1670; x_wconf 88' lang='lat' dir='ltr'>postquam</span> <span class='ocrx_word' id='word_1_114' title='bbox 566 1606 647 1656; x_wconf 85' lang='lat' dir='ltr'>victer</span> <span class='ocrx_word' id='word_1_115' title='bbox 657 1606 753 1656; x_wconf 76' lang='lat' dir='ltr'>violens</span> <span class='ocrx_word' id='word_1_116' title='bbox 765 1606 880 1656; x_wconf 81' lang='lat' dir='ltr'>discessit</span> <span class='ocrx_word' id='word_1_117' title='bbox 891 1608 924 1656; x_wconf 92' lang='lat' dir='ltr'>ab</span> <span class='ocrx_word' id='word_1_118' title='bbox 935 1606 1014 1666; x_wconf 86' lang='lat' dir='ltr'>hoste,</span> 
     </span>
     <span class='ocr_line' id='line_1_18' title="bbox 366 1686 978 1754; baseline 0.007 -18"><span class='ocrx_word' id='word_1_119' title='bbox 366 1686 423 1737; x_wconf 91' lang='lat' dir='ltr'>Non</span> <span class='ocrx_word' id='word_1_120' title='bbox 436 1687 543 1753; x_wconf 83' lang='lat' dir='ltr'>equitem</span> <span class='ocrx_word' id='word_1_121' title='bbox 554 1689 636 1748; x_wconf 87' lang='lat' dir='ltr'>dorso,</span> <span class='ocrx_word' id='word_1_122' title='bbox 649 1706 699 1739; x_wconf 88' lang='lat' dir='ltr'>non</span> <span class='ocrx_word' id='word_1_123' title='bbox 711 1691 810 1739; x_wconf 84' lang='lat' dir='ltr'>frenum</span> <span class='ocrx_word' id='word_1_124' title='bbox 821 1688 918 1754; x_wconf 90' lang='lat' dir='ltr'>depulit</span> <span class='ocrx_word' id='word_1_125' title='bbox 929 1706 978 1740; x_wconf 88' lang='lat' dir='ltr'>ore.</span> 
     </span>
     <span class='ocr_line' id='line_1_19' title="bbox 366 1769 1050 1836; baseline 0.003 -18"><span class='ocrx_word' id='word_1_126' title='bbox 366 1769 414 1828; x_wconf 82' lang='lat' dir='ltr'>Sic,</span> <span class='ocrx_word' id='word_1_127' title='bbox 425 1769 467 1835; x_wconf 87' lang='lat' dir='ltr'>qui</span> <span class='ocrx_word' id='word_1_128' title='bbox 479 1770 623 1836; x_wconf 80' lang='lat' dir='ltr'>pauperiem</span> <span class='ocrx_word' id='word_1_129' title='bbox 633 1771 728 1821; x_wconf 73' lang='lat' dir='ltr'>veritus</span> <span class='ocrx_word' id='word_1_130' title='bbox 739 1771 835 1836; x_wconf 87' lang='lat' dir='ltr'>potiere</span> <span class='ocrx_word' id='word_1_131' title='bbox 846 1770 956 1821; x_wconf 84' lang='lat' dir='ltr'>metallis</span> <span class='ocrx_word' id='word_1_132' title='bbox 1045 1774 1050 1781; x_wconf 83' lang='lat'><em>&#39;</em></span> 
     </span>
     <span class='ocr_line' id='line_1_20' title="bbox 365 1851 1020 1919; baseline 0.003 -18"><span class='ocrx_word' id='word_1_133' title='bbox 365 1851 492 1902; x_wconf 84' lang='lat' dir='ltr'>Libertate</span> <span class='ocrx_word' id='word_1_134' title='bbox 503 1860 577 1913; x_wconf 89' lang='lat' dir='ltr'>earet,</span> <span class='ocrx_word' id='word_1_135' title='bbox 589 1853 717 1903; x_wconf 87' lang='lat' dir='ltr'>dominum</span> <span class='ocrx_word' id='word_1_136' title='bbox 727 1853 798 1903; x_wconf 84' lang='lat' dir='ltr'>vehit</span> <span class='ocrx_word' id='word_1_137' title='bbox 808 1853 935 1919; x_wconf 88' lang='lat' dir='ltr'>improbus</span> <span class='ocrx_word' id='word_1_138' title='bbox 947 1860 1020 1918; x_wconf 87' lang='lat' dir='ltr'>atque</span> 
     </span>
     <span class='ocr_line' id='line_1_21' title="bbox 367 1934 920 2002; baseline 0.005 -18"><span class='ocrx_word' id='word_1_139' title='bbox 367 1934 464 1985; x_wconf 87' lang='lat' dir='ltr'>Serviet</span> <span class='ocrx_word' id='word_1_140' title='bbox 473 1943 599 1996; x_wconf 77' lang='lat' dir='ltr'>aeternum,</span> <span class='ocrx_word' id='word_1_141' title='bbox 611 1937 671 2001; x_wconf 87' lang='lat' dir='ltr'>quia</span> <span class='ocrx_word' id='word_1_142' title='bbox 681 1954 759 2002; x_wconf 82' lang='lat' dir='ltr'>parvo</span> <span class='ocrx_word' id='word_1_143' title='bbox 770 1938 864 1987; x_wconf 88' lang='lat' dir='ltr'>nesciet</span> <span class='ocrx_word' id='word_1_144' title='bbox 874 1937 920 1988; x_wconf 88' lang='lat' dir='ltr'>uti.</span> 
     </span>
     <span class='ocr_line' id='line_1_22' title="bbox 368 2017 960 2080; baseline 0.005 -14"><span class='ocrx_word' id='word_1_145' title='bbox 368 2017 415 2067; x_wconf 85' lang='lat' dir='ltr'>Cui</span> <span class='ocrx_word' id='word_1_146' title='bbox 427 2034 476 2068; x_wconf 91' lang='lat' dir='ltr'>non</span> <span class='ocrx_word' id='word_1_147' title='bbox 487 2020 618 2069; x_wconf 86' lang='lat' dir='ltr'>conveniet</span> <span class='ocrx_word' id='word_1_148' title='bbox 629 2036 675 2069; x_wconf 88' lang='lat' dir='ltr'>sua</span> <span class='ocrx_word' id='word_1_149' title='bbox 685 2037 733 2080; x_wconf 89' lang='lat' dir='ltr'>res,</span> <span class='ocrx_word' id='word_1_150' title='bbox 745 2028 774 2070; x_wconf 89' lang='lat' dir='ltr'>ut</span> <span class='ocrx_word' id='word_1_151' title='bbox 784 2021 880 2070; x_wconf 87' lang='lat' dir='ltr'>calceus</span> <span class='ocrx_word' id='word_1_152' title='bbox 892 2020 960 2079; x_wconf 87' lang='lat' dir='ltr'>elim,</span> 
     </span>
     <span class='ocr_line' id='line_1_23' title="bbox 367 2098 991 2166; baseline 0.008 -18"><span class='ocrx_word' id='word_1_153' title='bbox 367 2099 393 2148; x_wconf 90' lang='lat' dir='ltr'>Si</span> <span class='ocrx_word' id='word_1_154' title='bbox 405 2099 467 2165; x_wconf 86' lang='lat' dir='ltr'>pede</span> <span class='ocrx_word' id='word_1_155' title='bbox 477 2098 557 2166; x_wconf 87' lang='lat' dir='ltr'>major</span> <span class='ocrx_word' id='word_1_156' title='bbox 566 2101 622 2160; x_wconf 90' lang='lat' dir='ltr'>erit,</span> <span class='ocrx_word' id='word_1_157' title='bbox 634 2103 775 2163; x_wconf 83' lang='lat' dir='ltr'>subvertet;</span> <span class='ocrx_word' id='word_1_158' title='bbox 793 2102 815 2152; x_wconf 93' lang='lat' dir='ltr'>si</span> <span class='ocrx_word' id='word_1_159' title='bbox 826 2103 916 2163; x_wconf 85' lang='lat' dir='ltr'>minor,</span> <span class='ocrx_word' id='word_1_160' title='bbox 927 2109 991 2153; x_wconf 81' lang='lat' dir='ltr'>uret.</span> 
     </span>
     <span class='ocr_line' id='line_1_24' title="bbox 367 2181 910 2249; baseline 0.004 -17"><span class='ocrx_word' id='word_1_161' title='bbox 367 2181 451 2232; x_wconf 88' lang='lat' dir='ltr'>Laetus</span> <span class='ocrx_word' id='word_1_162' title='bbox 462 2190 528 2233; x_wconf 86' lang='lat' dir='ltr'>sorte</span> <span class='ocrx_word' id='word_1_163' title='bbox 540 2190 584 2233; x_wconf 83' lang='lat' dir='ltr'>tue</span> <span class='ocrx_word' id='word_1_164' title='bbox 594 2184 665 2233; x_wconf 81' lang='lat' dir='ltr'>vives</span> <span class='ocrx_word' id='word_1_165' title='bbox 677 2185 810 2249; x_wconf 86' lang='lat' dir='ltr'>sapienter,</span> <span class='ocrx_word' id='word_1_166' title='bbox 822 2184 910 2244; x_wconf 79' lang='lat' dir='ltr'>Aristi,</span> 
     </span>
     <span class='ocr_line' id='line_1_25' title="bbox 367 2265 927 2332; baseline 0.007 -18"><span class='ocrx_word' id='word_1_167' title='bbox 367 2265 419 2315; x_wconf 92' lang='lat' dir='ltr'>Nec</span> <span class='ocrx_word' id='word_1_168' title='bbox 429 2282 469 2315; x_wconf 90' lang='lat' dir='ltr'>me</span> <span class='ocrx_word' id='word_1_169' title='bbox 480 2265 591 2316; x_wconf 87' lang='lat' dir='ltr'>dimittes</span> <span class='ocrx_word' id='word_1_170' title='bbox 602 2266 786 2331; x_wconf 81' lang='lat' dir='ltr'>incastigatum,</span> <span class='ocrx_word' id='word_1_171' title='bbox 798 2267 841 2317; x_wconf 89' lang='lat' dir='ltr'>ubi</span> <span class='ocrx_word' id='word_1_172' title='bbox 853 2268 927 2332; x_wconf 86' lang='lat' dir='ltr'>plura</span> 
     </span>
     <span class='ocr_line' id='line_1_26' title="bbox 367 2348 997 2414; baseline 0.003 -16"><span class='ocrx_word' id='word_1_173' title='bbox 367 2348 459 2413; x_wconf 79' lang='lat' dir='ltr'>Cogere</span> <span class='ocrx_word' id='word_1_174' title='bbox 470 2365 544 2414; x_wconf 89' lang='lat' dir='ltr'>quam</span> <span class='ocrx_word' id='word_1_175' title='bbox 555 2349 617 2399; x_wconf 86' lang='lat' dir='ltr'>satis</span> <span class='ocrx_word' id='word_1_176' title='bbox 629 2356 668 2398; x_wconf 91' lang='lat' dir='ltr'>est</span> <span class='ocrx_word' id='word_1_177' title='bbox 678 2365 707 2398; x_wconf 86' lang='lat' dir='ltr'>ee</span> <span class='ocrx_word' id='word_1_178' title='bbox 718 2366 767 2399; x_wconf 89' lang='lat' dir='ltr'>non</span> <span class='ocrx_word' id='word_1_179' title='bbox 779 2366 876 2399; x_wconf 89' lang='lat' dir='ltr'>cessare</span> <span class='ocrx_word' id='word_1_180' title='bbox 886 2349 997 2400; x_wconf 75' lang='lat' dir='ltr'>videbor.</span> 
     </span>
     <span class='ocr_line' id='line_1_27' title="bbox 367 2430 956 2497; baseline 0.007 -18"><span class='ocrx_word' id='word_1_181' title='bbox 367 2430 479 2496; x_wconf 78' lang='lat' dir='ltr'>imperat</span> <span class='ocrx_word' id='word_1_182' title='bbox 489 2439 534 2481; x_wconf 90' lang='lat' dir='ltr'>aut</span> <span class='ocrx_word' id='word_1_183' title='bbox 544 2431 623 2481; x_wconf 88' lang='lat' dir='ltr'>servit</span> <span class='ocrx_word' id='word_1_184' title='bbox 633 2433 735 2482; x_wconf 87' lang='lat' dir='ltr'>collecta</span> <span class='ocrx_word' id='word_1_185' title='bbox 745 2432 850 2497; x_wconf 85' lang='lat' dir='ltr'>pecunia</span> <span class='ocrx_word' id='word_1_186' title='bbox 861 2432 956 2497; x_wconf 85' lang='lat' dir='ltr'>cuique,</span> 
     </span>
     <span class='ocr_line' id='line_1_28' title="bbox 368 2513 1020 2580; baseline 0.006 -17"><span class='ocrx_word' id='word_1_187' title='bbox 368 2514 470 2563; x_wconf 85' lang='lat' dir='ltr'>Tortum</span> <span class='ocrx_word' id='word_1_188' title='bbox 481 2513 557 2579; x_wconf 80' lang='lat' dir='ltr'>digna</span> <span class='ocrx_word' id='word_1_189' title='bbox 568 2514 637 2579; x_wconf 88' lang='lat' dir='ltr'>sequi</span> <span class='ocrx_word' id='word_1_190' title='bbox 649 2514 732 2579; x_wconf 91' lang='lat' dir='ltr'>potius</span> <span class='ocrx_word' id='word_1_191' title='bbox 743 2532 817 2580; x_wconf 92' lang='lat' dir='ltr'>quam</span> <span class='ocrx_word' id='word_1_192' title='bbox 828 2515 916 2566; x_wconf 75' lang='lat' dir='ltr'>du&#39;eere</span> <span class='ocrx_word' id='word_1_193' title='bbox 927 2517 1020 2567; x_wconf 84' lang='lat' dir='ltr'>funem.</span> 
     </span>
     <span class='ocr_line' id='line_1_29' title="bbox 368 2596 1000 2664; baseline 0.003 -18"><span class='ocrx_word' id='word_1_194' title='bbox 368 2597 429 2647; x_wconf 81' lang='lat' dir='ltr'>Haec</span> <span class='ocrx_word' id='word_1_195' title='bbox 440 2596 488 2646; x_wconf 91' lang='lat' dir='ltr'>tibi</span> <span class='ocrx_word' id='word_1_196' title='bbox 499 2597 624 2647; x_wconf 88' lang='lat' dir='ltr'>dictabam</span> <span class='ocrx_word' id='word_1_197' title='bbox 635 2604 692 2663; x_wconf 89' lang='lat' dir='ltr'>pest</span> <span class='ocrx_word' id='word_1_198' title='bbox 703 2599 790 2648; x_wconf 83' lang='lat' dir='ltr'>fanum</span> <span class='ocrx_word' id='word_1_199' title='bbox 800 2605 873 2664; x_wconf 81' lang='lat' dir='ltr'>putre</span> <span class='ocrx_word' id='word_1_200' title='bbox 884 2599 1000 2659; x_wconf 85' lang='lat' dir='ltr'>Vacunae,</span> 
     </span>
     <span class='ocr_line' id='line_1_30' title="bbox 368 2679 1171 2744; baseline 0.006 -16"><span class='ocrx_word' id='word_1_201' title='bbox 368 2679 485 2744; x_wconf 84' lang='lat' dir='ltr'>Excepte,</span> <span class='ocrx_word' id='word_1_202' title='bbox 497 2679 562 2744; x_wconf 87' lang='lat' dir='ltr'>qued</span> <span class='ocrx_word' id='word_1_203' title='bbox 573 2696 623 2729; x_wconf 88' lang='lat' dir='ltr'>nen</span> <span class='ocrx_word' id='word_1_204' title='bbox 634 2680 710 2730; x_wconf 92' lang='lat' dir='ltr'>simul</span> <span class='ocrx_word' id='word_1_205' title='bbox 721 2698 796 2742; x_wconf 89' lang='lat' dir='ltr'>esses,</span> <span class='ocrx_word' id='word_1_206' title='bbox 807 2689 889 2732; x_wconf 86' lang='lat' dir='ltr'>cetera</span> <span class='ocrx_word' id='word_1_207' title='bbox 899 2682 979 2732; x_wconf 61' lang='grc' dir='ltr'>ΜΒ.</span> <span class='ocrx_word' id='word_1_208' title='bbox 1137 2686 1171 2733; x_wconf 81' lang='grc'>50</span> 
     </span>
    </p>
   </div>
   <div class='ocr_carea' id='block_1_4' title="bbox 474 2811 1231 2928">
    <p class='ocr_par' dir='ltr' id='par_1_4' title="bbox 474 2811 1231 2928">
     <span class='ocr_line' id='line_1_31' title="bbox 474 2811 1221 2874; baseline 0.007 -24"><span class='ocrx_word' id='word_1_209' title='bbox 474 2839 478 2846; x_wconf 93' lang='grc'><em>.</em></span> <span class='ocrx_word' id='word_1_210' title='bbox 543 2811 706 2864; x_wconf 50' lang='grc' dir='ltr'>Ἁριρῶωμ</span> <span class='ocrx_word' id='word_1_211' title='bbox 872 2813 991 2856; x_wconf 52' lang='lat' dir='ltr'>&amp;sobet</span> <span class='ocrx_word' id='word_1_212' title='bbox 1214 2855 1221 2874; x_wconf 49' lang='grc' dir='ltr'><em>Ι</em></span> 
     </span>
     <span class='ocr_line' id='line_1_32' title="bbox 927 2861 1231 2928; baseline -0.007 -18"><span class='ocrx_word' id='word_1_213' title='bbox 927 2897 931 2910; x_wconf 75' lang='lat'>‚</span> <span class='ocrx_word' id='word_1_214' title='bbox 993 2861 1117 2928; x_wconf 60' lang='lat' dir='ltr'>,jetti</span> <span class='ocrx_word' id='word_1_215' title='bbox 1141 2911 1143 2920; x_wconf 44' lang='lat'>,</span> <span class='ocrx_word' id='word_1_216' title='bbox 1166 2865 1231 2900; x_wconf 67' lang='grc' dir='ltr'>«Μ’</span> 
     </span>
    </p>
   </div>
   <div class='ocr_carea' id='block_1_5' title="bbox 0 0 1246 3284">
    <p class='ocr_par' dir='ltr' id='par_1_5' title="bbox 0 0 1246 3284">
     <span class='ocr_line' id='line_1_33' title="bbox 0 0 1246 3284; baseline 0 0"><span class='ocrx_word' id='word_1_217' title='bbox 0 0 1246 3284; x_wconf 95' lang='lat' dir='ltr'> </span> 
     </span>
    </p>
   </div>
  </div>
 </body>
</html>
