2475 3284
135 805 165 843 32.
179 794 203 834 0.
213 796 231 834 1.
239 795 259 833 4.
268 793 299 834 13.

135 1048 166 1087 35.
180 1037 203 1077 0.
213 1038 232 1077 2.
241 1038 273 1077 13,
283 1038 314 1077 at

134 1129 182 1160 aur.
195 1119 220 1159 Ε,
230 1120 249 1160 2.
259 1120 278 1159 2.
287 1119 331 1159 179.

136 1203 306 1253 ffQLQL

135 2084 180 2122 culs.
193 2082 217 2124 0.
230 2084 249 2123 2.
259 2083 291 2123 11.
301 2083 333 2125 17.

600 239 628 300 Q.
644 238 783 290 Horam
799 239 924 291 Falco!

487 371 519 420 In
531 371 588 420 sinu
598 372 680 421 ferens
691 371 749 422 daos

521 454 556 503 Et
565 471 634 514 uxor,
646 462 672 504 et
681 455 728 515 vir,
738 455 895 521 sordidosque
907 462 987 506 natos.

488 537 565 586 Nulla
575 537 665 587 certior
674 545 758 587 tamen

520 619 628 684 Rapacis
637 621 694 669 Orci
705 622 754 671 fine
764 619 889 671 destinata

488 703 555 752 Aula
565 703 668 753 divitem
673 708 765 753 ‘manet

521 786 606 836 Erum.
630 787 696 842 Quid
704 787 771 837 ultra
778 786 880 838 tendis?
901 789 984 852 AEqua
992 789 1067 837 tellus

488 868 595 934 Pauperi
607 869 743 919 recluditur

520 951 664 1016 Regumqua
675 952 766 1017 pueris,
778 970 823 1004 nec
834 954 934 1004 satelles
946 954 1004 1004 Orci

488 1033 613 1083 Callidum
624 1035 772 1085 Promethea
1124 1040 1156 1088 35

521 1117 628 1167 Revexit
639 1135 699 1168 auro
710 1126 803 1183 captus.
838 1120 888 1169 Hic
899 1121 1033 1185 superbum

488 1201 629 1259 Tantalum,
641 1209 714 1266 atque
725 1202 826 1251 Tantali

521 1284 606 1333 Genus
618 1289 726 1344 catanam
742 1285 784 1335 hic
795 1286 878 1335 levare
889 1286 1002 1335 farnetum

489 1365 627 1431 Pauperem
637 1367 765 1417 laboribus

523 1450 631 1499 Vocatus
642 1458 715 1516 atque
727 1468 777 1501 non
787 1458 889 1502 vocatus
900 1451 977 1525 audit.
1123 1454 1156 1500 40

719 1619 793 1670 XIX.

490 1736 618 1787 Bascama
629 1737 656 1786 in
667 1739 768 1788 remotis
780 1738 890 1788 carmina
900 1738 1004 1804 rupibus

490 1819 550 1874 Vidi
561 1820 695 1881 docentem,
707 1821 810 1885 (credite
821 1821 913 1887 posteri
921 1822 940 1886 1)

523 1904 700 1969 Nymphasque
711 1905 841 1964 discentes,
850 1912 876 1954 et
885 1920 958 1954 aures

556 1987 723 2053 Capripedum
734 1989 878 2053 Satyrorum
889 1994 982 2037 acutas.

490 2092 592 2142 Euhoe!
609 2092 702 2162 recepti
713 2108 783 2140 mena
794 2090 904 2155 trepidat
913 2096 990 2150 metu,
1141 2095 1156 2142 5

491 2175 615 2239 Plenaque
626 2175 717 2224 Bacchi
728 2181 825 2239 pectore
836 2172 964 2222 turbidum

523 2258 649 2308 Laetatur!
682 2257 768 2307 Euhoe
777 2263 783 2308 l
801 2273 880 2322 parca,
892 2255 982 2306 Liberi

555 2341 640 2399 Parce,
651 2341 722 2405 gravi
733 2339 862 2390 metuende
873 2340 973 2404 thyrso!

490 2445 540 2494 Fas
551 2443 690 2508 pervicaces
701 2449 740 2492 ast
749 2442 812 2491 mihi
824 2441 957 2506 Thfiadan

491 2526 597 2590 Viniquc
608 2527 710 2585 sontem,
722 2525 794 2574 lactis
806 2531 831 2573 et
841 2525 929 2573 uberes
1125 2528 1156 2574 10

524 2610 631 2660 Cantarc
642 2609 717 2667 rivos,
729 2615 802 2673 atque
813 2607 908 2657 truncis

556 2691 639 2755 Lapsa
650 2691 717 2740 caris
728 2690 819 2740 iterare
829 2689 912 2740 mella.

510 2807 575 2840 xvm.
590 2800 623 2840 32.
636 2799 727 2839 Herum.
852 2806 900 2838 nx.
915 2799 934 2838 ὅ.
946 2807 1006 2839 auce.
1109 2826 1115 2834 .
