2475 3284
251 223 443 276 EPISTOLAR
449 224 504 276 ΠΜ
521 224 586 276 LIB.
603 226 625 277 I.
643 243 684 278 xv.

16 295 18 386 i
113 354 270 421 iampridem
282 373 332 407 non
342 363 411 408 tacte
421 357 548 422 ligonibus
559 374 620 409 arra
631 360 767 424 bovemque

113 438 273 504 Disjunctum
284 457 355 491 curas
367 448 393 490 et
404 441 498 491 strictis
510 441 641 492 frondibus
652 444 751 508 exples:

16 487 17 552 i
113 521 192 571 Addit
203 539 264 587 opus
275 522 347 588 pigro
358 523 436 583 rivus,
448 523 470 572 si
482 523 574 574 decidit
586 525 673 585 imber,

16 625 17 662 l
68 606 98 654 30
113 604 198 654 Multa
208 607 274 655 mole
285 606 409 656 docendus
421 607 505 672 eprieo
515 624 616 672 parcere
628 614 709 673 prato.

16 665 17 744 i
112 688 185 737 Nunc
196 704 250 753 age,
260 689 321 754 quid
332 696 445 740 nostrum
455 697 601 741 concentum
612 692 717 752 dividat,
730 692 796 744 audi.

16 749 18 842 i
111 771 191 827 Quem
202 779 290 822 tenues
301 772 403 823 decuere
413 780 478 838 togas
489 774 613 839 nitidique
624 775 718 841 capilli,

16 845 17 912 i
111 854 191 910 Quem
203 854 253 905 scis
263 854 399 906 immunem
411 857 510 907 Oinarea
520 858 644 922 plecmsse
655 858 747 923 rapaci,
889 866 934 907 oin.
948 864 1001 907 CA.
1012 869 1030 907 1.
1040 869 1060 907 4,

111 937 191 993 Quem
202 938 316 988 bibulum
326 939 415 1004 liquidi
426 940 509 989 media
518 940 549 989 de
560 941 615 990 luce
626 941 737 1001 Falerni,

65 1022 95 1071 35
111 1020 179 1070 Cena
190 1021 274 1071 brevis
281 1020 356 1087 juvat
367 1028 392 1071 et
402 1038 479 1087 prope
490 1022 572 1071 rivum
584 1040 685 1073 somnus
697 1023 724 1073 in
735 1024 829 1082 herba;

110 1103 162 1153 Nec
173 1104 265 1154 lusisse
275 1104 359 1169 pudet,
372 1105 416 1154 sed
427 1122 476 1154 non
488 1104 596 1155 incidere
607 1106 703 1156 ludum.
888 1119 919 1170 3⁶·
933 1121 958 1162 E.
967 1123 986 1163 a.
997 1124 1017 1162 1.
1029 1124 1071 1162 142.

110 1187 167 1236 Non
180 1186 238 1238 istic
248 1187 349 1252 obliquo
360 1189 431 1240 oculo
441 1204 497 1237 mee
507 1188 635 1238 commoda
645 1190 776 1254 quisquam

110 1267 203 1328 Limum,
215 1286 265 1319 nou
277 1270 334 1319 odio
345 1271 450 1320 obscuro
460 1286 591 1335 morsuque
602 1280 723 1332 venenum

110 1350 206 1402 Rident
215 1352 293 1402 vicini
304 1353 391 1417 glebae
403 1360 429 1402 et
440 1369 502 1403 saxa
512 1360 662 1404 moventem.
886 1375 919 1416 39·
932 1365 1058 1407 ll.1.7.83.

64 1440 93 1485 40
110 1436 171 1486 Cum
184 1436 264 1486 serris
275 1438 373 1487 urbana
383 1437 466 1487 diaria
476 1437 562 1490 rodere
573 1437 669 1496 marim

21 1537 23 1544 ¹
110 1518 207 1567 Horum
219 1519 285 1568 tuin
297 1536 426 1568 numerum
437 1526 496 1569 voto
507 1518 568 1568 ruis.
603 1519 705 1568 invidet
716 1535 788 1569 usum

109 1600 245 1665 Lignorum
257 1609 282 1651 et
293 1602 387 1666 pecoris
399 1601 447 1652 tibi
458 1603 627 1666 celoergutus
639 1609 665 1650 et
675 1602 749 1652 horti.

111 1685 188 1748 Optat
199 1684 317 1749 ephippia
328 1686 373 1735 bos
384 1684 455 1749 piger
466 1691 537 1749 optat
548 1701 619 1734 erare
631 1686 743 1735 caballus
754 1703 759 1745 ;

110 1767 190 1822 Quam
202 1767 250 1817 scit
260 1774 370 1833 uterque,
382 1767 472 1828 libens,
484 1769 596 1827 censebo,
608 1776 721 1818 exerceat
732 1778 819 1820 amem.
884 1789 917 1830 44
929 1779 955 1823 Ε.
964 1782 984 1820 2.
994 1781 1013 1838 1.
1024 1782 1068 1820 llo.
1149 1785 1151 1790 ·

428 2003 485 2054 XV.

108 2136 173 2191 Qum
185 2135 220 2186 sit
229 2135 326 2201 hiemps
337 2136 423 2197 Veliae,
435 2136 501 2202 quod
511 2136 605 2196 caelum,
617 2136 691 2197 Vela,
703 2136 808 2198 Salerni,

107 2219 217 2274 Quorum
239 2220 368 2270 hominum
390 2219 458 2284 regio
480 2227 506 2270 et
527 2220 609 2285 qualis
632 2220 690 2280 ria;
709 2222 778 2286 (uam
796 2220 857 2270 mihi

206 2302 282 2351 Beies

17 2373 19 2378 ¹
107 2383 181 2433 Musa
193 2401 359 2450 supervacuas
371 2384 504 2445 Antonius,
516 2392 636 2435 ettamen
648 2384 701 2434 illis

106 2465 148 2516 Me
159 2468 221 2517 facit
231 2468 349 2529 invisum,
361 2468 444 2533 gelida
455 2484 511 2517 cum
521 2469 622 2532 perluor
632 2467 700 2516 undu

76 2552 90 2598 ὅ
106 2541 154 2599 Per
164 2551 274 2601 medium
284 2552 372 2616 frigus.
407 2552 472 2600 Sene
483 2556 591 2599 murteta
601 2549 709 2613 relinqui

17 2631 18 2642 ³
61 2677 64 2680 Α
104 2631 225 2697 Dictaque
236 2640 375 2683 cessantem
387 2632 470 2682 nervis
482 2632 573 2681 elidere
584 2633 697 2681 morbum

45 2729 50 2733 ·
105 2714 227 2781 Sulphura
238 2717 363 2766 contemni
374 2716 443 2766 vicus
454 2714 538 2780 gemit,
551 2714 650 2763 invidus
662 2713 744 2779 aegris,

105 2798 153 2853 Qui
164 2806 240 2864 caput
252 2807 278 2850 et
289 2799 441 2851 stomachum
453 2815 590 2863 supponere
602 2796 714 2847 fontibus
726 2798 819 2848 audent
880 2817 925 2856 cup.
939 2806 963 2848 Ε.
973 2807 991 2847 1.
1002 2808 1033 2848 lo.
1043 2808 1074 2852 14.
