2475 3284
602 240 632 302 Q.
648 242 784 293 HOBATI
802 241 928 293 enecet

704 422 808 474 XXIII.

523 556 600 606 Onne
612 555 715 622 supinas
728 555 749 606 si
761 556 849 606 tuleris
860 570 949 605 manue

521 639 645 689 Nascente
656 639 736 699 Luna,
747 638 841 688 rustica
851 638 965 703 Phidyle,

555 722 582 772 Si
593 723 666 771 thure
676 722 783 787 platanis
795 722 910 772 ethome

586 807 669 871 Fruge
679 807 765 866 Lares,
776 806 897 870 avideque
907 821 995 872 porea:

521 934 573 983 Nee
583 934 742 999 pestilentem
754 933 845 983 sentiet
855 933 969 983 Africum

521 1017 637 1066 Fecunda
647 1017 715 1077 vitis,
727 1034 773 1067 nee
784 1017 893 1066 sterilem
905 1033 974 1080 seges

131 1103 176 1143 «ἰν.
189 1100 213 1140 0·
223 1100 242 1140 3·
252 1101 283 1140 18.
293 1102 312 1140 4.
554 1099 712 1163 Robiginem,
724 1106 769 1149 aut
779 1099 863 1148 dulces
875 1097 970 1148 alumni

131 1194 151 1230 8,
164 1189 188 1279 ἓ.
196 1190 216 1278 ξ.
225 1189 300 1278 ὲ4ὶὲ5.
587 1182 712 1232 Pomifero
723 1198 798 1246 grave
809 1189 907 1246 tempus
919 1198 992 1231 anno.

131 1315 180 1364 Ale.
194 1314 316 1355 0.1.21.6.
521 1309 594 1368 Nam,
606 1325 661 1373 quae
672 1308 752 1358 niuali
763 1305 877 1373 pascitun
885 1307 977 1373 Algido

224 1367 243 1405 4.
252 1368 272 1405 4.
282 1366 313 1405 58'
523 1392 622 1441 Devota
633 1408 735 1456 quereus
747 1391 813 1441 inter
824 1397 850 1441 et
860 1391 937 1451 ilices,

554 1476 607 1523 Aut
617 1475 706 1523 crescit
716 1474 823 1523 Albanis
835 1474 862 1522 in
873 1474 964 1533 berbin,

586 1555 696 1605 Victima
707 1556 851 1621 pontificum
864 1573 960 1606 secures

522 1684 622 1734 eervice
634 1685 722 1748 tinget,
757 1686 792 1735 Te
804 1685 867 1734 nihil
879 1685 971 1735 attinet

522 1767 654 1832 Temptare
664 1768 745 1817 multa
756 1768 822 1818 caede
833 1768 972 1817 bidentium

553 1850 649 1899 Parvos
660 1857 820 1900 enmnantem
831 1852 928 1900 marine

587 1932 653 1982 Rene
664 1933 723 1983 deos
735 1933 868 1998 fragilique
879 1940 968 1999 mynto.

522 2060 645 2109 Immunis
657 2077 726 2110 aram
739 2061 760 2111 si
772 2061 857 2126 tetigit
867 2078 964 2121 manue,

520 2144 577 2193 Non
589 2150 735 2208 sumptuosa
744 2145 860 2194 blandi0n
871 2145 954 2195 hostia

131 2242 174 2272 aee.
188 2231 310 2281 Ep.10.18.
554 2226 668 2277 Mollivit
678 2243 778 2277 aversos
787 2229 894 2278 Penates

589 2310 666 2359 Ferre
677 2311 720 2375 pio
731 2318 757 2360 et
770 2311 874 2361 saliente
888 2311 959 2362 mica.

711 2511 809 2562 XXIV.

457 2641 576 2691 Innecms
587 2641 730 2707 opulentior

491 2724 626 2773 Thesauris
637 2725 750 2773 Arabum
762 2729 788 2774 et
798 2723 885 2775 divitis
896 2724 990 2785 Indiae}

456 2847 523 2880 xxm.
533 2840 552 2881 3.
565 2841 624 2882 eure.
674 2841 695 2881 t.
707 2839 836 2889 mighem,
845 2839 871 2881 B.
922 2841 955 2881 13.
968 2841 1063 2890 tinguet.
