2475 3284
253 231 449 282 onRMJNUM
466 231 533 282 ΗΒ.
552 232 602 283 ΙΙΙ.
618 232 689 284 xxix.

90 365 101 376 '
201 365 240 413 'l'u
251 363 379 415 civitatem
391 364 447 430 quis
458 363 545 415 deeeet
556 370 639 414 status

201 447 287 507 Cures,
300 453 326 498 et
337 446 402 497 Urbi
415 446 537 496 sollicitus
548 445 631 506 times,

233 529 301 585 Quid
312 529 606 617 SenesetlregnataOyro
704 594 708 597 ι

267 612 359 662 Boetnu
369 618 459 676 ponent
469 610 609 676 Tanaisque
620 610 723 663 disoors.

199 742 313 794 Prudens
324 742 403 794 futuri
414 742 534 808 temporis
545 741 642 795 exitum

202 825 346 889 caliginosa
357 832 428 876 noete
438 825 531 890 premit
540 824 610 886 deus,

233 907 364 972 Ridetque,
376 908 398 957 si
410 907 524 958 mortalis
535 909 604 957 ultre

266 991 317 1041 Fas
328 990 446 1056 trepidat
479 990 553 1048 Quod
563 990 635 1041 udest
645 998 769 1042 memento

201 1122 354 1186 componere
366 1138 464 1186 eequus;
481 1127 563 1172 cetere
573 1121 685 1171 fluminis

200 1205 264 1254 Ritu
275 1205 397 1265 feruntur,
409 1220 475 1254 nune
484 1204 566 1254 medio
578 1205 649 1256 alveo

235 1289 297 1339 eum
308 1304 368 1353 paee
378 1286 518 1337 delabentis
529 1288 664 1338 Etruscum

268 1372 300 1421 In
310 1387 387 1430 mure,
399 1386 465 1420 nune
475 1364 572 1435 lapides
583 1370 672 1421 edesus

200 1502 345 1568 stirpesque
355 1507 449 1566 ruptus,
461 1506 487 1551 et
497 1517 571 1567 pecus
583 1507 608 1551 et
618 1501 704 1552 domos

200 1584 332 1636 Volventis
342 1601 401 1643 una,
413 1600 463 1633 non
475 1584 529 1634 sine
540 1585 664 1635 montium

235 1669 349 1719 Clamore
359 1666 495 1732 vieinaeque
507 1667 586 1728 silvae,

268 1750 331 1801 uum
341 1750 396 1800 fera
406 1749 514 1800 diluvies
525 1749 622 1815 quietos
649 1796 659 1805 ,

200 1880 290 1930 Irritut
300 1896 395 1931 omnes.
428 1880 477 1929 Ille
488 1885 576 1944 potens
589 1880 629 1929 sui

200 1963 333 2028 Laetueque
343 1962 425 2027 deget,
436 1962 477 2012 oui
487 1962 547 2013 lieet
557 1962 585 2012 in
596 1962 664 2013 diem

235 2046 343 2106 Dixisse,
357 2044 443 2095 ‘vixiz
459 2061 514 2095 orus
525 2046 566 2096 vel
576 2052 633 2096 stru

267 2129 341 2178 Nube
351 2129 437 2193 polum
448 2127 524 2177 Peter
535 2134 652 2192 oeeupeto

185 2259 250 2308 ‘Vel
260 2259 312 2308 sole
323 2272 399 2322 puro:
417 2273 467 2306 non
478 2262 562 2306 tumen
573 2256 681 2317 irritum,

200 2340 376 2405 Quodcumque
386 2345 453 2389 retro
464 2346 509 2399 est,
522 2338 624 2388 efficiet:
643 2356 721 2405 neque

235 2423 355 2487 Diffinget
365 2421 532 2486 infectumque
543 2421 637 2481 reddet,

267 2505 340 2564 Quod
351 2504 449 2570 fugiens
461 2505 537 2554 semel
547 2504 609 2555 hore
620 2505 704 2556 vexit?

200 2637 313 2687 Fortuna
325 2651 389 2685 seevo
400 2636 459 2685 laetu
470 2633 576 2699 negotio,
589 2640 615 2684 et

200 2718 300 2769 Ludum
310 2717 459 2768 insolentem
470 2717 554 2768 ludere
565 2717 687 2783 pertinax,

220 2827 253 2868 34.
267 2836 359 2877 aequore.
448 2877 487 2916 ῃ
560 2826 593 2867 46.
607 2825 618 2866 ?
631 2828 718 2867 retrost.

1054 238 1092 296 99

895 382 927 420 25.
940 370 964 412 C.
973 373 993 411 3.
1002 372 1022 412 8.
1031 373 1063 412 17.

894 545 926 585 ²7·
940 533 1034 577 0.4.15.
1044 535 1075 576 23.

891 763 942 802 pru.
955 752 980 793 C.
989 753 1009 793 1.
1018 754 1037 793 3.
1047 754 1079 794 ἳὶ.
