2475 3284
122 223 190 287 ,184
587 218 617 280 Q.
640 218 778 269 HORATI
795 216 920 268 Falce]

129 374 175 403 een.
188 364 228 412 Ep.
237 366 257 405 5.
266 365 299 405 87.
355 356 483 411 Quantum
494 351 647 402 carminibus
658 368 712 416 quae
723 356 825 401 versant
835 356 909 414 atque
919 350 1022 400 venenis

355 439 487 487 Humanos
498 426 609 485 anilnos:
627 434 674 484 has
686 434 755 483 nullo
765 432 867 498 perdere
878 449 980 497 possum
1122 437 1159 482 20

355 521 408 570 Nec
419 519 551 585 prohibere
563 517 643 577 modo,
655 517 730 566 simul
741 533 770 565 ao
780 532 844 580 vaga
854 515 925 565 Luna
936 515 1051 565 decorum

355 603 465 654 Protulit
475 620 511 662 os,
522 596 581 667 quin
593 618 651 651 ossa
662 602 747 664 legant
757 600 895 672 herbasque
907 606 1030 650 nocentes.

355 686 413 735 Vidi
426 691 522 750 egomet
532 686 604 748 nigra
616 683 766 734 succinctam
776 681 866 731 vadere
878 682 947 746 palla

355 769 486 818 Canidiam
497 767 601 832 pedibus
613 766 687 815 nudis
699 781 821 830 passoque
833 764 931 828 capillo,

355 851 418 900 Cum
429 851 527 914 Sagana
538 848 631 915 majore
642 849 794 920 ululantem3
811 846 893 911 pallor
903 853 1022 910 utrasque
1123 850 1156 895 25

355 935 458 983 Fecerat
468 932 605 982 horrendas
616 931 742 995 adspectu.
778 930 892 993 Scalpere
903 935 996 978 terram

356 1016 488 1081 Unguibus
500 1023 525 1065 et
535 1017 631 1080 pullam
641 1015 760 1064 divellere
771 1012 894 1062 mordicus
904 1028 996 1076 agnam

356 1098 503 1164 Coeperunt;
521 1115 592 1147 cruor
603 1098 630 1147 in
642 1099 736 1146 fossam
746 1097 872 1154 confusus,
885 1102 914 1144 ut
924 1094 982 1144 inde

351 1182 445 1230 'Manes
457 1181 580 1240 elicerent,
592 1180 690 1229 animas
701 1194 820 1243 responsa
831 1178 942 1228 daturas.

355 1265 439 1314 Lanca
451 1271 476 1314 et
487 1263 579 1328 effigies
591 1269 652 1321 erat,
664 1264 744 1312 altera
755 1277 837 1311 cerea:
855 1259 935 1326 major
1125 1263 1156 1308 30

355 1347 440 1396 Lanea
450 1363 504 1410 quae
515 1345 595 1410 pcenis
606 1352 771 1409 compesceret
781 1343 924 1392 inferiorem
933 1361 938 1402 ;

356 1431 434 1479 Cerea
445 1427 590 1494 suppliciter
601 1428 692 1486 stabat,
705 1427 838 1476 servilibus
850 1433 879 1474 ut
889 1442 944 1490 quae

355 1512 415 1561 Jam
425 1511 536 1576 peritura
546 1510 634 1560 modis.
668 1510 779 1559 Hecaten
791 1516 863 1558 vocat
874 1510 961 1569 altera,
974 1524 1066 1558 saevam

299 1649 303 1657 ,
349 1595 444 1643 ··Altera
455 1593 620 1658 Tisiphonen:
640 1597 767 1656 serpentes
778 1599 852 1656 atque
863 1592 962 1641 videres

356 1678 472 1741 Infernas
484 1693 565 1743 errare
576 1692 657 1734 canes,
668 1675 813 1739 Lunamque
824 1675 961 1734 rubentem,
1125 1678 1155 1723 35

356 1760 395 1808 Ne
407 1760 472 1808 foret
481 1758 522 1808 his
533 1758 613 1817 testis,
625 1765 683 1823 post
693 1774 783 1822 magna
795 1759 873 1806 latere
885 1757 1005 1821 sepulcra.

356 1842 467 1891 Mentior
477 1849 504 1890 at
515 1841 537 1890 si
548 1841 614 1906 quid,
627 1841 718 1890 merdis
729 1847 805 1905 caput
816 1840 932 1904 inquiner
942 1839 1008 1889 albis

356 1925 491 1974 Corsorum
502 1943 507 1985 ;
525 1930 598 1988 atque
609 1923 636 1973 in
648 1941 687 1973 me
697 1924 783 1974 veniat
793 1923 896 1973 mictum
907 1928 981 1987 atque
993 1928 1105 1973 cacatum

355 2006 440 2055 Julius
452 2013 477 2055 et
488 2006 584 2069 fragilis
595 2006 711 2055 Pediatia
722 2008 810 2070 furque
820 2006 943 2056 Vorenus.
1038 1992 1040 1995 ⁸

314 2096 316 2101 '
356 2089 460 2153 Singula
471 2087 530 2153 quid
541 2092 691 2140 memorem?
708 2106 756 2153 quo
767 2095 840 2153 pacto
851 2088 948 2137 alterna
960 2089 1089 2153 loquentes
1123 2092 1153 2135 40
1200 2091 1210 2135 ’ζ

356 2171 458 2220 Umbrae
469 2187 524 2219 cum
536 2171 633 2234 Sagana
644 2178 789 2220 resonarent
799 2171 872 2220 triste
884 2177 909 2219 et
920 2176 1027 2230 acutum,

356 2254 440 2317 thue
451 2253 505 2317 lupi
517 2253 622 2302 barbam
632 2253 708 2303 variae
718 2270 775 2303 cum
785 2253 859 2302 dente
870 2250 978 2302 colubrae

355 2335 507 2385 Abdiderint
517 2336 605 2385 furtim
616 2336 690 2385 terris
702 2342 727 2385 et
737 2336 845 2400 imagine
857 2352 926 2385 cerea

355 2419 460 2483 Largior
470 2419 560 2469 arserit
570 2419 644 2484 ignis,
656 2426 682 2469 et
692 2426 721 2468 ut
732 2437 781 2469 non
792 2420 865 2468 testis
876 2420 972 2469 inultus

355 2501 502 2552 Horruerim
513 2519 584 2552 voces
595 2502 728 2551 Furiarum
740 2508 765 2551 et
776 2503 843 2551 facta
853 2502 966 2551 duarum.
1121 2507 1152 2553 45

356 2583 428 2643 Nam,
440 2584 551 2648 displosa
563 2591 636 2655 sonat
647 2591 767 2649 quantum
778 2585 868 2645 vesica,
880 2585 969 2650 pepedi
1000 2584 1002 2592 ¹

354 2665 458 2716 Diffissa
469 2674 527 2716 nate
537 2668 613 2727 ficus3
631 2674 659 2716 at
669 2666 720 2717 illae
730 2684 826 2717 currere
838 2667 865 2717 in
875 2669 971 2718 urbem.

680 2800 713 2841 ³8.
727 2798 826 2845 veniant.
