<?xml version="1.0" encoding="UTF-8"?>
<!DOCTYPE html PUBLIC "-//W3C//DTD XHTML 1.0 Transitional//EN"
    "http://www.w3.org/TR/xhtml1/DTD/xhtml1-transitional.dtd">
<html xmlns="http://www.w3.org/1999/xhtml" xml:lang="en" lang="en">
 <head>
  <title>
</title>
<meta http-equiv="Content-Type" content="text/html;charset=utf-8" />
  <meta name='ocr-system' content='tesseract 3.04.00' />
  <meta name='ocr-capabilities' content='ocr_page ocr_carea ocr_par ocr_line ocrx_word'/>
</head>
<body>
  <div class='ocr_page' id='page_1' title='image "./horace00yonggoog_0303.png"; bbox 0 0 2475 3284; ppageno 0'>
   <div class='ocr_carea' id='block_1_1' title="bbox 262 240 1101 306">
    <p class='ocr_par' dir='ltr' id='par_1_1' title="bbox 262 240 1101 306">
     <span class='ocr_line' id='line_1_1' title="bbox 262 240 1101 306; baseline 0.02 -17"><span class='ocrx_word' id='word_1_1' title='bbox 262 240 516 292; x_wconf 79' lang='lat' dir='ltr'><em>EPISTOLABUM</em></span> <span class='ocrx_word' id='word_1_2' title='bbox 528 241 595 293; x_wconf 77' lang='grc' dir='ltr'>ΜΒ.</span> <span class='ocrx_word' id='word_1_3' title='bbox 612 244 647 293; x_wconf 89' lang='lat' dir='ltr'>II.</span> <span class='ocrx_word' id='word_1_4' title='bbox 665 243 692 293; x_wconf 89' lang='lat' dir='ltr'>ii.</span> <span class='ocrx_word' id='word_1_5' title='bbox 1043 246 1101 306; x_wconf 75' lang='lat'>279</span> 
     </span>
    </p>
   </div>
   <div class='ocr_carea' id='block_1_2' title="bbox 79 374 1165 2001">
    <p class='ocr_par' dir='ltr' id='par_1_2' title="bbox 79 374 1165 2001">
     <span class='ocr_line' id='line_1_2' title="bbox 146 374 1086 440; baseline 0.003 -18"><span class='ocrx_word' id='word_1_6' title='bbox 146 374 272 439; x_wconf 85' lang='lat' dir='ltr'>Repentes</span> <span class='ocrx_word' id='word_1_7' title='bbox 283 390 328 439; x_wconf 88' lang='lat' dir='ltr'>per</span> <span class='ocrx_word' id='word_1_8' title='bbox 338 374 441 423; x_wconf 88' lang='lat' dir='ltr'>humum</span> <span class='ocrx_word' id='word_1_9' title='bbox 452 390 526 439; x_wconf 89' lang='lat' dir='ltr'>quam</span> <span class='ocrx_word' id='word_1_10' title='bbox 537 391 577 424; x_wconf 83' lang='lat' dir='ltr'>res</span> <span class='ocrx_word' id='word_1_11' title='bbox 589 390 734 439; x_wconf 86' lang='lat' dir='ltr'>componere</span> <span class='ocrx_word' id='word_1_12' title='bbox 745 382 835 440; x_wconf 79' lang='lat' dir='ltr'>gestae,</span> <span class='ocrx_word' id='word_1_13' title='bbox 904 393 948 432; x_wconf 78' lang='lat' dir='ltr'>rep.</span> <span class='ocrx_word' id='word_1_14' title='bbox 962 383 985 424; x_wconf 83' lang='lat'>0.</span> <span class='ocrx_word' id='word_1_15' title='bbox 995 386 1014 425; x_wconf 73' lang='lat' dir='ltr'>a.</span> <span class='ocrx_word' id='word_1_16' title='bbox 1024 385 1056 426; x_wconf 79' lang='lat' dir='ltr'>la.</span> <span class='ocrx_word' id='word_1_17' title='bbox 1066 388 1086 426; x_wconf 83' lang='grc'>9.</span> 
     </span>
     <span class='ocr_line' id='line_1_3' title="bbox 146 435 1085 527; baseline 0.003 -21"><span class='ocrx_word' id='word_1_18' title='bbox 146 458 327 522; x_wconf 80' lang='lat' dir='ltr'>Terrarumque</span> <span class='ocrx_word' id='word_1_19' title='bbox 339 457 402 506; x_wconf 83' lang='lat' dir='ltr'>situs</span> <span class='ocrx_word' id='word_1_20' title='bbox 415 464 441 506; x_wconf 90' lang='lat' dir='ltr'>et</span> <span class='ocrx_word' id='word_1_21' title='bbox 450 458 555 507; x_wconf 85' lang='lat' dir='ltr'>flumina</span> <span class='ocrx_word' id='word_1_22' title='bbox 566 457 648 507; x_wconf 86' lang='lat' dir='ltr'>dicere</span> <span class='ocrx_word' id='word_1_23' title='bbox 660 465 685 507; x_wconf 94' lang='lat' dir='ltr'>et</span> <span class='ocrx_word' id='word_1_24' title='bbox 696 474 764 508; x_wconf 81' lang='lat' dir='ltr'>arces</span> <span class='ocrx_word' id='word_1_25' title='bbox 962 435 1085 527; x_wconf 41' lang='lat'>{33069517&#39;</span> 
     </span>
     <span class='ocr_line' id='line_1_4' title="bbox 145 540 774 607; baseline 0.002 -17"><span class='ocrx_word' id='word_1_26' title='bbox 145 540 277 590; x_wconf 77' lang='lat' dir='ltr'>Montibus</span> <span class='ocrx_word' id='word_1_27' title='bbox 289 540 419 605; x_wconf 81' lang='lat' dir='ltr'>impositae</span> <span class='ocrx_word' id='word_1_28' title='bbox 431 546 457 590; x_wconf 94' lang='lat' dir='ltr'>et</span> <span class='ocrx_word' id='word_1_29' title='bbox 467 542 576 590; x_wconf 84' lang='lat' dir='ltr'>barbare</span> <span class='ocrx_word' id='word_1_30' title='bbox 586 558 664 606; x_wconf 85' lang='lat' dir='ltr'>regna</span> <span class='ocrx_word' id='word_1_31' title='bbox 675 542 774 607; x_wconf 80' lang='lat' dir='ltr'>tuisque</span> 
     </span>
     <span class='ocr_line' id='line_1_5' title="bbox 146 623 1100 689; baseline 0.004 -17"><span class='ocrx_word' id='word_1_32' title='bbox 146 623 274 688; x_wconf 80' lang='lat' dir='ltr'>Auspiciis</span> <span class='ocrx_word' id='word_1_33' title='bbox 284 629 365 672; x_wconf 78' lang='lat' dir='ltr'>tetum</span> <span class='ocrx_word' id='word_1_34' title='bbox 376 624 487 673; x_wconf 84' lang='lat' dir='ltr'>confecta</span> <span class='ocrx_word' id='word_1_35' title='bbox 498 623 582 673; x_wconf 83' lang='lat' dir='ltr'>duella</span> <span class='ocrx_word' id='word_1_36' title='bbox 592 641 638 689; x_wconf 90' lang='lat' dir='ltr'>per</span> <span class='ocrx_word' id='word_1_37' title='bbox 648 625 733 674; x_wconf 87' lang='lat' dir='ltr'>orbem</span> <span class='ocrx_word' id='word_1_38' title='bbox 905 644 950 673; x_wconf 75' lang='lat' dir='ltr'>aus.</span> <span class='ocrx_word' id='word_1_39' title='bbox 963 633 987 674; x_wconf 83' lang='lat' dir='ltr'>c.</span> <span class='ocrx_word' id='word_1_40' title='bbox 996 634 1016 674; x_wconf 84' lang='lat'>4.</span> <span class='ocrx_word' id='word_1_41' title='bbox 1026 635 1058 674; x_wconf 85' lang='grc'>14.</span> <span class='ocrx_word' id='word_1_42' title='bbox 1067 635 1100 676; x_wconf 86' lang='lat'>33.</span> 
     </span>
     <span class='ocr_line' id='line_1_6' title="bbox 79 705 1091 771; baseline 0.002 -18"><span class='ocrx_word' id='word_1_43' title='bbox 79 709 128 755; x_wconf 79' lang='lat'>255</span> <span class='ocrx_word' id='word_1_44' title='bbox 147 705 311 770; x_wconf 75' lang='lat' dir='ltr'>claustraque</span> <span class='ocrx_word' id='word_1_45' title='bbox 323 705 448 755; x_wconf 80' lang='lat' dir='ltr'><strong>custodem</strong></span> <span class='ocrx_word' id='word_1_46' title='bbox 459 705 528 771; x_wconf 82' lang='lat' dir='ltr'>pacis</span> <span class='ocrx_word' id='word_1_47' title='bbox 539 706 683 756; x_wconf 86' lang='lat' dir='ltr'>cohibentia</span> <span class='ocrx_word' id='word_1_48' title='bbox 693 708 710 756; x_wconf 89' lang='lat' dir='ltr'>J</span> <span class='ocrx_word' id='word_1_49' title='bbox 711 723 786 756; x_wconf 88' lang='lat' dir='ltr'>anum</span> <span class='ocrx_word' id='word_1_50' title='bbox 904 714 954 754; x_wconf 80' lang='lat' dir='ltr'>Jan.</span> <span class='ocrx_word' id='word_1_51' title='bbox 967 713 991 754; x_wconf 85' lang='lat' dir='ltr'>c.</span> <span class='ocrx_word' id='word_1_52' title='bbox 1000 714 1020 754; x_wconf 84' lang='lat'>4.</span> <span class='ocrx_word' id='word_1_53' title='bbox 1030 715 1062 754; x_wconf 80' lang='lat'>15.</span> <span class='ocrx_word' id='word_1_54' title='bbox 1071 714 1091 755; x_wconf 82' lang='grc'>9.</span> 
     </span>
     <span class='ocr_line' id='line_1_7' title="bbox 146 788 1086 854; baseline -0.001 -17"><span class='ocrx_word' id='word_1_55' title='bbox 146 788 182 837; x_wconf 88' lang='lat' dir='ltr'>Et</span> <span class='ocrx_word' id='word_1_56' title='bbox 192 788 353 837; x_wconf 75' lang='lat' dir='ltr'><strong>formidatam</strong></span> <span class='ocrx_word' id='word_1_57' title='bbox 364 788 475 848; x_wconf 87' lang='lat' dir='ltr'>Parthie,</span> <span class='ocrx_word' id='word_1_58' title='bbox 488 795 513 838; x_wconf 86' lang='lat' dir='ltr'>te</span> <span class='ocrx_word' id='word_1_59' title='bbox 524 788 644 854; x_wconf 78' lang='lat' dir='ltr'>principe,</span> <span class='ocrx_word' id='word_1_60' title='bbox 657 790 769 850; x_wconf 83' lang='lat' dir='ltr'><strong>Romam,</strong></span> <span class='ocrx_word' id='word_1_61' title='bbox 902 794 947 843; x_wconf 60' lang='lat' dir='ltr'>qm:</span> <span class='ocrx_word' id='word_1_62' title='bbox 961 793 984 833; x_wconf 82' lang='lat' dir='ltr'>c.</span> <span class='ocrx_word' id='word_1_63' title='bbox 994 794 1013 833; x_wconf 92' lang='lat'>1.</span> <span class='ocrx_word' id='word_1_64' title='bbox 1022 794 1042 833; x_wconf 77' lang='lat'>2.</span> <span class='ocrx_word' id='word_1_65' title='bbox 1052 793 1086 835; x_wconf 79' lang='lat'>50.</span> 
     </span>
     <span class='ocr_line' id='line_1_8' title="bbox 147 860 864 938; baseline 0.003 -17"><span class='ocrx_word' id='word_1_66' title='bbox 147 872 174 921; x_wconf 83' lang='lat' dir='ltr'>Si</span> <span class='ocrx_word' id='word_1_67' title='bbox 192 860 313 937; x_wconf 79' lang='lat' dir='ltr'>quantum</span> <span class='ocrx_word' id='word_1_68' title='bbox 331 888 453 937; x_wconf 86' lang='lat' dir='ltr'>cuperem,</span> <span class='ocrx_word' id='word_1_69' title='bbox 473 889 573 937; x_wconf 82' lang='lat' dir='ltr'>possem</span> <span class='ocrx_word' id='word_1_70' title='bbox 590 889 701 937; x_wconf 89' lang='lat' dir='ltr'>quoque;</span> <span class='ocrx_word' id='word_1_71' title='bbox 723 874 767 923; x_wconf 79' lang='lat' dir='ltr'>sed</span> <span class='ocrx_word' id='word_1_72' title='bbox 787 890 864 938; x_wconf 87' lang='lat' dir='ltr'>neque</span> 
     </span>
     <span class='ocr_line' id='line_1_9' title="bbox 247 972 352 1021; baseline 0 -17"><span class='ocrx_word' id='word_1_73' title='bbox 247 972 352 1021; x_wconf 83' lang='lat' dir='ltr'>parvum</span> 
     </span>
     <span class='ocr_line' id='line_1_10' title="bbox 148 1037 1075 1104; baseline 0.004 -16"><span class='ocrx_word' id='word_1_74' title='bbox 148 1039 255 1088; x_wconf 79' lang='lat' dir='ltr'>Carmen</span> <span class='ocrx_word' id='word_1_75' title='bbox 266 1037 384 1104; x_wconf 84' lang='lat' dir='ltr'>majestas</span> <span class='ocrx_word' id='word_1_76' title='bbox 396 1038 486 1104; x_wconf 78' lang='lat' dir='ltr'>recipit</span> <span class='ocrx_word' id='word_1_77' title='bbox 496 1046 541 1088; x_wconf 90' lang='lat' dir='ltr'>tue</span> <span class='ocrx_word' id='word_1_78' title='bbox 552 1056 597 1088; x_wconf 89' lang='lat' dir='ltr'>nec</span> <span class='ocrx_word' id='word_1_79' title='bbox 607 1055 678 1088; x_wconf 82' lang='lat' dir='ltr'>meus</span> <span class='ocrx_word' id='word_1_80' title='bbox 689 1039 764 1089; x_wconf 86' lang='lat' dir='ltr'>audet</span> <span class='ocrx_word' id='word_1_81' title='bbox 906 1045 951 1092; x_wconf 81' lang='lat'>25⁸·</span> <span class='ocrx_word' id='word_1_82' title='bbox 965 1042 989 1083; x_wconf 81' lang='lat'>⁰·</span> <span class='ocrx_word' id='word_1_83' title='bbox 999 1045 1018 1082; x_wconf 88' lang='lat'>1.</span> <span class='ocrx_word' id='word_1_84' title='bbox 1027 1043 1046 1082; x_wconf 81' lang='lat'>⁶·</span> <span class='ocrx_word' id='word_1_85' title='bbox 1056 1043 1075 1081; x_wconf 79' lang='lat'>9·</span> 
     </span>
     <span class='ocr_line' id='line_1_11' title="bbox 147 1094 1086 1186; baseline 0.002 -17"><span class='ocrx_word' id='word_1_86' title='bbox 147 1121 212 1170; x_wconf 85' lang='lat' dir='ltr'>Rem</span> <span class='ocrx_word' id='word_1_87' title='bbox 222 1127 345 1186; x_wconf 84' lang='lat' dir='ltr'>temptare</span> <span class='ocrx_word' id='word_1_88' title='bbox 355 1121 442 1185; x_wconf 89' lang='lat' dir='ltr'>pudor,</span> <span class='ocrx_word' id='word_1_89' title='bbox 454 1139 529 1186; x_wconf 83' lang='lat' dir='ltr'>quam</span> <span class='ocrx_word' id='word_1_90' title='bbox 540 1122 607 1172; x_wconf 84' lang='lat' dir='ltr'>vires</span> <span class='ocrx_word' id='word_1_91' title='bbox 619 1123 684 1172; x_wconf 86' lang='lat' dir='ltr'>ferre</span> <span class='ocrx_word' id='word_1_92' title='bbox 694 1129 814 1172; x_wconf 80' lang='lat' dir='ltr'>recusent.</span> <span class='ocrx_word' id='word_1_93' title='bbox 965 1095 986 1133; x_wconf 53' lang='grc' dir='ltr'>θ’</span> <span class='ocrx_word' id='word_1_94' title='bbox 996 1095 1015 1133; x_wconf 77' lang='lat'>2.</span> <span class='ocrx_word' id='word_1_95' title='bbox 1025 1094 1044 1133; x_wconf 87' lang='lat'>1.</span> <span class='ocrx_word' id='word_1_96' title='bbox 1054 1095 1086 1133; x_wconf 77' lang='lat'>12.</span> 
     </span>
     <span class='ocr_line' id='line_1_12' title="bbox 80 1204 743 1269; baseline 0.005 -17"><span class='ocrx_word' id='word_1_97' title='bbox 80 1207 129 1253; x_wconf 84' lang='lat'>260</span> <span class='ocrx_word' id='word_1_98' title='bbox 148 1204 273 1253; x_wconf 82' lang='lat' dir='ltr'>Sedulitas</span> <span class='ocrx_word' id='word_1_99' title='bbox 285 1211 368 1254; x_wconf 88' lang='lat' dir='ltr'>autem</span> <span class='ocrx_word' id='word_1_100' title='bbox 380 1205 464 1264; x_wconf 81' lang='lat' dir='ltr'>stulte,</span> <span class='ocrx_word' id='word_1_101' title='bbox 476 1221 549 1269; x_wconf 91' lang='lat' dir='ltr'>quem</span> <span class='ocrx_word' id='word_1_102' title='bbox 560 1204 651 1269; x_wconf 82' lang='lat' dir='ltr'>diligit,</span> <span class='ocrx_word' id='word_1_103' title='bbox 663 1212 743 1269; x_wconf 82' lang='lat' dir='ltr'>urget,</span> 
     </span>
     <span class='ocr_line' id='line_1_13' title="bbox 148 1286 781 1351; baseline 0.002 -16"><span class='ocrx_word' id='word_1_104' title='bbox 148 1286 274 1351; x_wconf 76' lang='lat' dir='ltr'>Praecipue</span> <span class='ocrx_word' id='word_1_105' title='bbox 285 1303 341 1336; x_wconf 91' lang='lat' dir='ltr'>cum</span> <span class='ocrx_word' id='word_1_106' title='bbox 352 1303 378 1336; x_wconf 83' lang='lat' dir='ltr'>ee</span> <span class='ocrx_word' id='word_1_107' title='bbox 390 1287 499 1336; x_wconf 85' lang='lat' dir='ltr'>numeris</span> <span class='ocrx_word' id='word_1_108' title='bbox 510 1287 666 1338; x_wconf 88' lang='lat' dir='ltr'>commendat</span> <span class='ocrx_word' id='word_1_109' title='bbox 677 1294 702 1336; x_wconf 89' lang='lat' dir='ltr'>et</span> <span class='ocrx_word' id='word_1_110' title='bbox 713 1295 781 1337; x_wconf 88' lang='lat' dir='ltr'>arte:</span> 
     </span>
     <span class='ocr_line' id='line_1_14' title="bbox 150 1366 781 1435; baseline 0.002 -16"><span class='ocrx_word' id='word_1_111' title='bbox 150 1366 230 1419; x_wconf 65' lang='lat' dir='ltr'>Difficit</span> <span class='ocrx_word' id='word_1_112' title='bbox 241 1369 307 1419; x_wconf 88' lang='lat' dir='ltr'>enim</span> <span class='ocrx_word' id='word_1_113' title='bbox 318 1369 394 1419; x_wconf 86' lang='lat' dir='ltr'>citius</span> <span class='ocrx_word' id='word_1_114' title='bbox 405 1370 565 1435; x_wconf 73' lang='lat' dir='ltr'>meminitque</span> <span class='ocrx_word' id='word_1_115' title='bbox 577 1371 698 1420; x_wconf 85' lang='lat' dir='ltr'>libentius</span> <span class='ocrx_word' id='word_1_116' title='bbox 710 1372 781 1430; x_wconf 89' lang='lat' dir='ltr'>illud,</span> 
     </span>
     <span class='ocr_line' id='line_1_15' title="bbox 149 1452 852 1517; baseline 0.004 -16"><span class='ocrx_word' id='word_1_117' title='bbox 149 1453 221 1507; x_wconf 75' lang='lat' dir='ltr'>Quod</span> <span class='ocrx_word' id='word_1_118' title='bbox 232 1452 288 1516; x_wconf 84' lang='lat' dir='ltr'>quie</span> <span class='ocrx_word' id='word_1_119' title='bbox 299 1452 402 1512; x_wconf 88' lang='lat' dir='ltr'>deridet,</span> <span class='ocrx_word' id='word_1_120' title='bbox 414 1470 489 1516; x_wconf 89' lang='lat' dir='ltr'>quam</span> <span class='ocrx_word' id='word_1_121' title='bbox 500 1453 565 1517; x_wconf 88' lang='lat' dir='ltr'>quod</span> <span class='ocrx_word' id='word_1_122' title='bbox 576 1455 667 1517; x_wconf 87' lang='lat' dir='ltr'>prebat</span> <span class='ocrx_word' id='word_1_123' title='bbox 677 1461 703 1503; x_wconf 91' lang='lat' dir='ltr'>et</span> <span class='ocrx_word' id='word_1_124' title='bbox 713 1462 852 1505; x_wconf 83' lang='lat' dir='ltr'>veneretur.</span> 
     </span>
     <span class='ocr_line' id='line_1_16' title="bbox 149 1535 843 1601; baseline 0.003 -17"><span class='ocrx_word' id='word_1_125' title='bbox 149 1535 193 1584; x_wconf 88' lang='lat' dir='ltr'>Nil</span> <span class='ocrx_word' id='word_1_126' title='bbox 204 1552 286 1584; x_wconf 88' lang='lat' dir='ltr'>moror</span> <span class='ocrx_word' id='word_1_127' title='bbox 297 1535 412 1594; x_wconf 86' lang='lat' dir='ltr'>efficium,</span> <span class='ocrx_word' id='word_1_128' title='bbox 424 1536 489 1600; x_wconf 85' lang='lat' dir='ltr'>qued</span> <span class='ocrx_word' id='word_1_129' title='bbox 500 1552 538 1585; x_wconf 91' lang='lat' dir='ltr'>me</span> <span class='ocrx_word' id='word_1_130' title='bbox 550 1543 646 1600; x_wconf 76' lang='lat' dir='ltr'>gravet,</span> <span class='ocrx_word' id='word_1_131' title='bbox 658 1553 687 1586; x_wconf 89' lang='lat' dir='ltr'>ac</span> <span class='ocrx_word' id='word_1_132' title='bbox 698 1554 775 1601; x_wconf 88' lang='lat' dir='ltr'>neque</span> <span class='ocrx_word' id='word_1_133' title='bbox 786 1538 843 1586; x_wconf 86' lang='lat' dir='ltr'>ficte</span> 
     </span>
     <span class='ocr_line' id='line_1_17' title="bbox 82 1618 679 1685; baseline 0.003 -18"><span class='ocrx_word' id='word_1_134' title='bbox 82 1622 131 1670; x_wconf 80' lang='lat'>265</span> <span class='ocrx_word' id='word_1_135' title='bbox 149 1620 180 1668; x_wconf 96' lang='lat' dir='ltr'>In</span> <span class='ocrx_word' id='word_1_136' title='bbox 192 1618 262 1684; x_wconf 77' lang='lat' dir='ltr'>pejus</span> <span class='ocrx_word' id='word_1_137' title='bbox 273 1620 344 1668; x_wconf 82' lang='lat' dir='ltr'>voltu</span> <span class='ocrx_word' id='word_1_138' title='bbox 354 1620 460 1685; x_wconf 88' lang='lat' dir='ltr'>proponi</span> <span class='ocrx_word' id='word_1_139' title='bbox 471 1636 555 1669; x_wconf 76' lang='lat' dir='ltr'>cereus</span> <span class='ocrx_word' id='word_1_140' title='bbox 567 1637 679 1684; x_wconf 83' lang='lat' dir='ltr'>usquam,</span> 
     </span>
     <span class='ocr_line' id='line_1_18' title="bbox 149 1702 696 1768; baseline 0.002 -17"><span class='ocrx_word' id='word_1_141' title='bbox 149 1702 201 1751; x_wconf 86' lang='lat' dir='ltr'>Nec</span> <span class='ocrx_word' id='word_1_142' title='bbox 211 1719 287 1766; x_wconf 86' lang='lat' dir='ltr'>prave</span> <span class='ocrx_word' id='word_1_143' title='bbox 298 1702 372 1751; x_wconf 80' lang='lat' dir='ltr'>fectis</span> <span class='ocrx_word' id='word_1_144' title='bbox 383 1702 494 1751; x_wconf 87' lang='lat' dir='ltr'>decorari</span> <span class='ocrx_word' id='word_1_145' title='bbox 505 1703 619 1752; x_wconf 83' lang='lat' dir='ltr'>versibus</span> <span class='ocrx_word' id='word_1_146' title='bbox 630 1710 696 1768; x_wconf 86' lang='lat' dir='ltr'>epto,</span> 
     </span>
     <span class='ocr_line' id='line_1_19' title="bbox 150 1784 1165 1850; baseline -0.001 -17"><span class='ocrx_word' id='word_1_147' title='bbox 150 1784 188 1833; x_wconf 86' lang='lat' dir='ltr'>Ne</span> <span class='ocrx_word' id='word_1_148' title='bbox 199 1785 301 1833; x_wconf 83' lang='lat' dir='ltr'>rubeum</span> <span class='ocrx_word' id='word_1_149' title='bbox 312 1785 399 1849; x_wconf 86' lang='lat' dir='ltr'>pingui</span> <span class='ocrx_word' id='word_1_150' title='bbox 412 1785 519 1834; x_wconf 88' lang='lat' dir='ltr'>donatus</span> <span class='ocrx_word' id='word_1_151' title='bbox 531 1803 641 1845; x_wconf 85' lang='lat' dir='ltr'>munere,</span> <span class='ocrx_word' id='word_1_152' title='bbox 653 1792 740 1835; x_wconf 85' lang='lat' dir='ltr'>etune</span> <span class='ocrx_word' id='word_1_153' title='bbox 903 1798 950 1846; x_wconf 72' lang='lat' dir='ltr'>pie.</span> <span class='ocrx_word' id='word_1_154' title='bbox 964 1797 985 1835; x_wconf 86' lang='lat' dir='ltr'>S.</span> <span class='ocrx_word' id='word_1_155' title='bbox 996 1796 1015 1833; x_wconf 90' lang='lat'>1.</span> <span class='ocrx_word' id='word_1_156' title='bbox 1025 1792 1044 1831; x_wconf 85' lang='lat'>3.</span> <span class='ocrx_word' id='word_1_157' title='bbox 1054 1794 1086 1835; x_wconf 79' lang='lat'>58.</span> <span class='ocrx_word' id='word_1_158' title='bbox 1164 1847 1165 1850; x_wconf 8' lang='grc' dir='ltr'><strong>Ἴ</strong></span> 
     </span>
     <span class='ocr_line' id='line_1_20' title="bbox 150 1867 732 1933; baseline 0.002 -17"><span class='ocrx_word' id='word_1_159' title='bbox 150 1867 213 1916; x_wconf 78' lang='lat' dir='ltr'>Cum</span> <span class='ocrx_word' id='word_1_160' title='bbox 224 1867 343 1931; x_wconf 78' lang='lat' dir='ltr'>scripture</span> <span class='ocrx_word' id='word_1_161' title='bbox 354 1884 409 1916; x_wconf 92' lang='lat' dir='ltr'>mec</span> <span class='ocrx_word' id='word_1_162' title='bbox 420 1884 495 1932; x_wconf 85' lang='lat' dir='ltr'>capsa</span> <span class='ocrx_word' id='word_1_163' title='bbox 506 1874 634 1933; x_wconf 86' lang='lat' dir='ltr'>porrectus</span> <span class='ocrx_word' id='word_1_164' title='bbox 645 1874 732 1933; x_wconf 80' lang='lat' dir='ltr'>aperta</span> 
     </span>
     <span class='ocr_line' id='line_1_21' title="bbox 150 1950 750 2001; baseline 0.005 -3"><span class='ocrx_word' id='word_1_165' title='bbox 150 1950 255 1999; x_wconf 86' lang='lat' dir='ltr'>Deferar</span> <span class='ocrx_word' id='word_1_166' title='bbox 265 1950 292 1999; x_wconf 92' lang='lat' dir='ltr'>in</span> <span class='ocrx_word' id='word_1_167' title='bbox 303 1951 386 2000; x_wconf 78' lang='lat' dir='ltr'>vicum</span> <span class='ocrx_word' id='word_1_168' title='bbox 397 1950 545 2000; x_wconf 77' lang='lat' dir='ltr'>vendentem</span> <span class='ocrx_word' id='word_1_169' title='bbox 556 1950 615 2000; x_wconf 88' lang='lat' dir='ltr'>thus</span> <span class='ocrx_word' id='word_1_170' title='bbox 627 1958 653 2001; x_wconf 89' lang='lat' dir='ltr'>et</span> <span class='ocrx_word' id='word_1_171' title='bbox 663 1952 750 2001; x_wconf 84' lang='lat' dir='ltr'>odores</span> 
     </span>
    </p>
   </div>
   <div class='ocr_carea' id='block_1_3' title="bbox 83 2033 773 2100">
    <p class='ocr_par' dir='ltr' id='par_1_3' title="bbox 83 2033 773 2100">
     <span class='ocr_line' id='line_1_22' title="bbox 83 2033 773 2100; baseline 0.001 -17"><span class='ocrx_word' id='word_1_172' title='bbox 83 2039 132 2089; x_wconf 79' lang='lat'>270</span> <span class='ocrx_word' id='word_1_173' title='bbox 150 2034 185 2083; x_wconf 84' lang='lat' dir='ltr'>Et</span> <span class='ocrx_word' id='word_1_174' title='bbox 195 2033 266 2099; x_wconf 87' lang='lat' dir='ltr'>piper</span> <span class='ocrx_word' id='word_1_175' title='bbox 277 2041 303 2083; x_wconf 87' lang='lat' dir='ltr'>et</span> <span class='ocrx_word' id='word_1_176' title='bbox 313 2034 433 2099; x_wconf 90' lang='lat' dir='ltr'>quidquid</span> <span class='ocrx_word' id='word_1_177' title='bbox 444 2034 536 2084; x_wconf 82' lang='lat' dir='ltr'>chartis</span> <span class='ocrx_word' id='word_1_178' title='bbox 548 2034 664 2083; x_wconf 73' lang='lat' dir='ltr'>amicitur</span> <span class='ocrx_word' id='word_1_179' title='bbox 674 2035 773 2100; x_wconf 79' lang='lat' dir='ltr'>ineptis,</span> 
     </span>
    </p>
   </div>
   <div class='ocr_carea' id='block_1_4' title="bbox 466 2331 502 2380">
    <p class='ocr_par' dir='ltr' id='par_1_4' title="bbox 466 2331 502 2380">
     <span class='ocr_line' id='line_1_23' title="bbox 466 2331 502 2380; baseline 0.028 -1"><span class='ocrx_word' id='word_1_180' title='bbox 466 2331 502 2380; x_wconf 87' lang='lat' dir='ltr'>H.</span> 
     </span>
    </p>
   </div>
   <div class='ocr_carea' id='block_1_5' title="bbox 149 2487 1053 2800">
    <p class='ocr_par' dir='ltr' id='par_1_5' title="bbox 150 2487 1053 2636">
     <span class='ocr_line' id='line_1_24' title="bbox 150 2487 1053 2552; baseline 0.003 -15"><span class='ocrx_word' id='word_1_181' title='bbox 150 2488 245 2546; x_wconf 68' lang='lat' dir='ltr'>Fncnm</span> <span class='ocrx_word' id='word_1_182' title='bbox 257 2488 322 2537; x_wconf 89' lang='lat' dir='ltr'>bono</span> <span class='ocrx_word' id='word_1_183' title='bbox 334 2488 447 2552; x_wconf 86' lang='lat' dir='ltr'>clareque</span> <span class='ocrx_word' id='word_1_184' title='bbox 458 2487 540 2537; x_wconf 87' lang='lat' dir='ltr'>fidelis</span> <span class='ocrx_word' id='word_1_185' title='bbox 552 2487 630 2537; x_wconf 84' lang='lat' dir='ltr'>amice</span> <span class='ocrx_word' id='word_1_186' title='bbox 641 2488 744 2547; x_wconf 87' lang='lat' dir='ltr'>Neroni,</span> <span class='ocrx_word' id='word_1_187' title='bbox 909 2514 928 2542; x_wconf 83' lang='grc' dir='ltr'>ι.</span> <span class='ocrx_word' id='word_1_188' title='bbox 941 2503 966 2542; x_wconf 85' lang='grc' dir='ltr'>Ε,</span> <span class='ocrx_word' id='word_1_189' title='bbox 977 2503 996 2541; x_wconf 90' lang='lat'>1.</span> <span class='ocrx_word' id='word_1_190' title='bbox 1005 2501 1024 2540; x_wconf 81' lang='lat' dir='ltr'>a.</span> <span class='ocrx_word' id='word_1_191' title='bbox 1034 2502 1053 2540; x_wconf 90' lang='lat'>1.</span> 
     </span>
     <span class='ocr_line' id='line_1_25' title="bbox 150 2555 784 2636; baseline 0 -16"><span class='ocrx_word' id='word_1_192' title='bbox 150 2571 177 2620; x_wconf 87' lang='lat' dir='ltr'>Si</span> <span class='ocrx_word' id='word_1_193' title='bbox 188 2571 244 2636; x_wconf 83' lang='lat' dir='ltr'>quie</span> <span class='ocrx_word' id='word_1_194' title='bbox 255 2571 319 2620; x_wconf 84' lang='lat' dir='ltr'>forte</span> <span class='ocrx_word' id='word_1_195' title='bbox 330 2571 393 2620; x_wconf 83' lang='lat' dir='ltr'>velit</span> <span class='ocrx_word' id='word_1_196' title='bbox 404 2588 507 2635; x_wconf 89' lang='lat' dir='ltr'>puerum</span> <span class='ocrx_word' id='word_1_197' title='bbox 518 2570 565 2620; x_wconf 92' lang='lat' dir='ltr'>tibi</span> <span class='ocrx_word' id='word_1_198' title='bbox 577 2570 683 2620; x_wconf 81' lang='lat' dir='ltr'>vendere</span> <span class='ocrx_word' id='word_1_199' title='bbox 696 2555 784 2621; x_wconf 80' lang='lat' dir='ltr'>natum</span> 
     </span>
    </p>

    <p class='ocr_par' dir='ltr' id='par_1_6' title="bbox 149 2653 764 2716">
     <span class='ocr_line' id='line_1_26' title="bbox 149 2653 764 2716; baseline 0.003 -15"><span class='ocrx_word' id='word_1_200' title='bbox 149 2653 242 2702; x_wconf 81' lang='lat' dir='ltr'>Tibure</span> <span class='ocrx_word' id='word_1_201' title='bbox 253 2654 294 2703; x_wconf 85' lang='lat' dir='ltr'>vel</span> <span class='ocrx_word' id='word_1_202' title='bbox 306 2653 394 2702; x_wconf 80' lang='lat' dir='ltr'>Gabiis</span> <span class='ocrx_word' id='word_1_203' title='bbox 406 2660 431 2701; x_wconf 94' lang='lat' dir='ltr'>et</span> <span class='ocrx_word' id='word_1_204' title='bbox 443 2660 524 2702; x_wconf 86' lang='lat' dir='ltr'>tecum</span> <span class='ocrx_word' id='word_1_205' title='bbox 536 2653 571 2701; x_wconf 89' lang='lat' dir='ltr'>sic</span> <span class='ocrx_word' id='word_1_206' title='bbox 582 2660 655 2716; x_wconf 85' lang='lat' dir='ltr'>egat:</span> <span class='ocrx_word' id='word_1_207' title='bbox 674 2653 727 2702; x_wconf 91' lang='lat' dir='ltr'>Hic</span> <span class='ocrx_word' id='word_1_208' title='bbox 739 2662 764 2703; x_wconf 91' lang='lat' dir='ltr'>et</span> 
     </span>
    </p>

    <p class='ocr_par' dir='ltr' id='par_1_7' title="bbox 150 2735 752 2800">
     <span class='ocr_line' id='line_1_27' title="bbox 150 2735 752 2800; baseline 0 -15"><span class='ocrx_word' id='word_1_209' title='bbox 150 2735 279 2785; x_wconf 78' lang='lat' dir='ltr'>Candidus</span> <span class='ocrx_word' id='word_1_210' title='bbox 292 2743 316 2785; x_wconf 87' lang='lat' dir='ltr'>et</span> <span class='ocrx_word' id='word_1_211' title='bbox 328 2737 392 2785; x_wconf 84' lang='lat' dir='ltr'>talos</span> <span class='ocrx_word' id='word_1_212' title='bbox 405 2753 420 2784; x_wconf 88' lang='lat' dir='ltr'>a</span> <span class='ocrx_word' id='word_1_213' title='bbox 430 2735 522 2785; x_wconf 80' lang='lat' dir='ltr'>vertice</span> <span class='ocrx_word' id='word_1_214' title='bbox 533 2736 635 2800; x_wconf 77' lang='lat' dir='ltr'>pulcher</span> <span class='ocrx_word' id='word_1_215' title='bbox 645 2736 677 2785; x_wconf 88' lang='lat' dir='ltr'>ad</span> <span class='ocrx_word' id='word_1_216' title='bbox 689 2737 752 2785; x_wconf 84' lang='lat' dir='ltr'>imos</span> 
     </span>
    </p>
   </div>
   <div class='ocr_carea' id='block_1_6' title="bbox 118 2818 1064 2889">
    <p class='ocr_par' dir='ltr' id='par_1_8' title="bbox 118 2818 1064 2889">
     <span class='ocr_line' id='line_1_28' title="bbox 118 2818 1064 2889; baseline 0.004 -21"><span class='ocrx_word' id='word_1_217' title='bbox 118 2818 208 2869; x_wconf 80' lang='lat' dir='ltr'>5Fiet</span> <span class='ocrx_word' id='word_1_218' title='bbox 219 2819 314 2883; x_wconf 84' lang='lat' dir='ltr'>eritque</span> <span class='ocrx_word' id='word_1_219' title='bbox 325 2824 384 2868; x_wconf 84' lang='lat' dir='ltr'>tuus</span> <span class='ocrx_word' id='word_1_220' title='bbox 396 2835 553 2868; x_wconf 90' lang='lat' dir='ltr'>nummorum</span> <span class='ocrx_word' id='word_1_221' title='bbox 563 2818 667 2868; x_wconf 82' lang='lat' dir='ltr'>milibus</span> <span class='ocrx_word' id='word_1_222' title='bbox 678 2826 740 2879; x_wconf 87' lang='lat' dir='ltr'>ecte,</span> <span class='ocrx_word' id='word_1_223' title='bbox 910 2850 929 2889; x_wconf 84' lang='lat'>5·</span> <span class='ocrx_word' id='word_1_224' title='bbox 943 2838 1064 2879; x_wconf 60' lang='lat' dir='ltr'>ama.</span> 
     </span>
    </p>
   </div>
   <div class='ocr_carea' id='block_1_7' title="bbox 0 0 1249 3284">
    <p class='ocr_par' dir='ltr' id='par_1_9' title="bbox 0 0 1249 3284">
     <span class='ocr_line' id='line_1_29' title="bbox 0 0 1249 3284; baseline 0 0"><span class='ocrx_word' id='word_1_225' title='bbox 0 0 1249 3284; x_wconf 95' lang='lat' dir='ltr'> </span> 
     </span>
    </p>
   </div>
  </div>
 </body>
</html>
