2475 3284
228 233 481 285 EPISTOLARUM
499 233 564 285 ΜΒ.
582 235 603 284 Ι.
620 233 674 285 xiii.
1017 236 1075 294 253

101 365 167 415 Vilis
179 366 315 416 amicorum
327 373 366 416 est
376 382 483 426 annone,
495 367 568 416 bonis
579 367 624 416 ubi
635 366 695 431 quid
706 366 783 417 deest.

55 451 85 498 26
101 449 139 498 Ne
151 455 236 499 tamen
248 449 355 513 ignores,
367 466 415 513 quo
427 448 461 498 sit
471 448 586 499 Romana
597 450 651 498 loco
662 465 718 499 res:

12 579 13 594 ἶ
103 531 228 581 Cantaber
239 532 364 597 Agrippae‚
378 532 465 583 Claudi
476 533 570 582 virtute
581 531 689 581 Neronis
879 523 930 564 ‘'⁰''-
939 522 963 564 0·
973 524 992 564 ²·
1001 524 1020 563 ⁶·
1031 525 1051 563 ²·

12 603 13 674 1
104 614 236 664 Armenius
248 614 349 677 cecidit3
363 614 407 681 jus
418 615 598 681 imperiumque
608 616 731 665 Phraates
878 623 929 663 Per.
938 621 962 663 0.
972 623 991 663 9.
999 623 1019 663 ⁴2.
1028 623 1060 663 11.

104 697 209 747 Caesaris
220 697 315 763 aceepit
325 697 430 762 genibus
441 698 538 758 min0r;
555 714 631 747 aurea
642 699 726 762 fruges
878 731 911 772 η
924 719 1019 761 0.1.17.
1030 721 1061 760 16.

104 780 185 830 Iteliae
195 781 270 846 pleno
280 780 397 830 defundit
408 781 486 846 Copia
497 798 580 831 cornu.

550 903 638 997 pff

418 990 495 1041 XHI.

105 1121 147 1170 Ur
155 1122 352 1187 proficiscentem
362 1122 433 1173 docui
444 1129 470 1172 te
480 1138 546 1187 saepe
557 1120 657 1187 diuque,

105 1208 218 1269 Augusto
229 1206 317 1255 reddes
330 1206 429 1270 signate
439 1205 575 1265 volumina,
583 1204 652 1263 Vini,
671 1211 672 1216 ’

106 1288 132 1336 Si
143 1287 251 1347 validus,
265 1287 286 1337 si
298 1289 371 1338 laetus
383 1289 438 1348 erit,
452 1288 474 1338 si
485 1288 590 1353 denique
601 1293 702 1353 poscet;

105 1371 144 1419 Ne
155 1370 239 1420 studio
250 1370 330 1420 nostri
341 1388 426 1436 pecces
437 1371 568 1436 odiumque
579 1371 674 1420 libellis

77 1458 91 1504 ὁ
107 1453 211 1502 Sedulus
223 1453 342 1518 importes
353 1471 428 1519 opera
438 1455 583 1504 vehemente
594 1454 716 1504 minister.

107 1535 133 1584 Si
144 1543 170 1585 te
181 1537 245 1585 forte
256 1552 317 1586 meae
328 1537 412 1600 gravis
423 1543 479 1585 uret
490 1537 587 1586 sarcina
599 1537 699 1595 chartas,

107 1619 207 1669 Abicite
218 1619 309 1684 potius,
321 1636 396 1684 quam
406 1624 454 1684 qu'o
465 1620 575 1684 perferre
582 1617 681 1684 juberis

109 1701 222 1752 Clitellas
235 1704 303 1752 ferus
314 1701 438 1766 impingas
450 1703 582 1766 Asinaeque
594 1709 726 1766 paternum

109 1785 249 1848 Cognomen
261 1792 345 1834 vertas
356 1785 383 1834 in
394 1784 474 1834 risum
486 1793 511 1834 et
522 1786 609 1834 fabula
619 1786 675 1834 fias.

66 1872 93 1916 10
108 1866 210 1916 Viribus
222 1867 300 1917 uteris
312 1884 356 1931 per
366 1867 451 1927 clivos,
464 1867 574 1925 flumina,
586 1867 681 1925 lemas;

108 1950 194 1999 Victor
205 1950 327 2015 propositi
339 1949 414 1999 simul
425 1966 454 1999 ae
464 1950 606 2015 perveneris
619 1950 686 2009 illuc,

109 2033 149 2082 Sic
159 2034 269 2097 positum
281 2033 392 2083 servabis
404 2049 474 2092 onus,
487 2049 517 2082 ns
529 2034 593 2081 forte
605 2032 652 2080 sub
664 2032 705 2080 ala

109 2115 264 2165 Fasciculum
276 2122 359 2180 portes
371 2116 498 2173 librorum,
510 2121 539 2164 ut
549 2114 657 2163 rusticus
669 2130 768 2178 agnum,

14 2183 15 2262 1
111 2199 148 2247 Ut
157 2198 246 2248 vinosa
257 2199 354 2262 glomus
366 2198 466 2247 furtivae
477 2196 584 2262 Pyrrhia
594 2198 667 2256 lanae,

15 2275 16 2348 1
70 2282 97 2329 15
113 2280 150 2329 Ut
160 2296 216 2329 cum
227 2279 318 2344 pileolo
330 2280 409 2329 soleas
421 2278 525 2329 conviva
536 2278 644 2328 tribulis.

15 2351 16 2374 ¹
111 2363 148 2412 Ne
159 2364 232 2426 volgo
243 2380 330 2412 narres
341 2368 366 2411 te
378 2361 506 2412 sudavisse
517 2361 619 2411 ferendo

111 2446 234 2508 Carmine,
247 2463 301 2511 quae
313 2445 410 2510 possint
421 2447 504 2495 oculos
515 2462 636 2509 auresque
646 2443 738 2493 morari

112 2528 230 2588 Caesaris3
248 2535 333 2578 oratus
344 2529 424 2578 multa
434 2545 513 2593 prece,
526 2528 604 2577 nitere
616 2543 696 2591 porro.

112 2611 189 2671 Vade,
200 2612 264 2671 vale,
274 2628 334 2661 eave
346 2628 376 2660 ne
387 2610 479 2660 titubes
491 2610 657 2675 mandataque
668 2611 778 2673 frangas.

111 2747 151 2780 ιω.
165 2740 197 2780 24.
212 2739 382 2780 ramicorumst.
433 2739 466 2779 re.
479 2738 570 2779 cauus.
621 2746 671 2779 xm.
685 2738 704 2777 v.
718 2736 815 2786 abjicite.
