2475 3284
640 255 668 315 Q.
684 253 821 304 Hom
839 252 965 303 Fusco!
993 266 996 272 ·

525 387 574 436 Hic
585 386 724 436 innocentis
735 388 823 451 poeula
834 385 919 437 Lesbii
1009 380 1011 385 ’

524 469 605 518 Duces
617 470 665 518 sub
675 470 764 518 umbra
772 487 777 527 ;
796 485 840 517 nee
853 469 987 518 Semeleius

558 552 621 602 Cum
632 553 715 601 Marte
727 552 862 601 confundet
873 552 1005 616 Thyoneus

567 666 572 677 ·
589 633 690 693 Puella,
702 650 747 683 nee
757 641 851 683 metues
863 641 1005 698 proterium

526 750 643 813 Suspecta
654 749 754 813 Cyrum,
767 765 797 797 ne
809 749 874 797 male
885 747 981 812 dispari

525 830 706 880 Inoontinentis
717 830 805 880 iniciat
815 847 911 889 manus,

557 914 592 963 Et
603 913 701 962 scindat
710 913 846 962 haerentem
856 930 972 963 eoronam

591 995 717 1056 Crinibus,
730 995 927 1060 immeritamque
938 1003 1040 1046 vestem.

741 1176 842 1227 nun.
982 1126 1021 1214 ls'

394 1311 513 1369 Numnu,
524 1309 598 1368 Vane,
611 1326 681 1359 sacra
692 1308 743 1357 vite
755 1309 824 1374 prius
837 1309 929 1359 severis
941 1311 1055 1359 arborem

172 1398 214 1440 Τι’ῠ.
228 1398 251 1439 O·
260 1398 280 1438 1.
290 1398 309 1439 7.
319 1399 351 1439 13.
395 1395 467 1444 Circa
477 1393 537 1443 mite
549 1394 630 1442 solnm
641 1392 742 1442 Tiburis
754 1401 779 1441 ot
790 1392 881 1441 moenia
892 1393 976 1442 Catili.
1208 1364 1209 1443 l

395 1477 470 1526 Sieois
482 1476 565 1526 omnia
576 1492 634 1525 nam
646 1475 708 1524 dura
719 1474 780 1527 deus
791 1476 927 1541 proposuit,
939 1492 1017 1540 neque
1208 1446 1209 1511 l

171 1586 224 1615 mor.
233 1574 257 1615 c.
266 1577 286 1614 2.
296 1576 327 1614 11.
337 1575 369 1619 18,
382 1597 384 1602 -
394 1560 523 1609 Mordaces
534 1559 608 1608 aliter
619 1558 755 1622 diffingiunt
766 1558 955 1609 sollicitudines.

172 1662 340 1713 5.03.21.19.
395 1644 456 1700 Quis
468 1643 592 1709 postvina
602 1659 703 1707 gravem
712 1642 830 1691 militiam
838 1651 882 1691 aut
891 1642 1034 1707 pauperiem
1042 1644 1145 1706 erepat?
1184 1648 1195 1692 i

395 1727 457 1783 Quis
469 1744 518 1776 non
529 1733 554 1775 te
563 1726 653 1791 potius,
663 1725 758 1774 Bacche
767 1733 845 1789 peter,
855 1733 934 1789 teque,
944 1725 1032 1773 decens
1041 1725 1146 1775 Venus?

171 1831 190 1870 7.
205 1817 229 1858 c.
239 1821 257 1858 1.
267 1820 299 1858 13.
309 1819 341 1858 10.
395 1812 430 1859 At
442 1827 472 1858 ns
482 1809 538 1874 quis
548 1807 638 1868 modici
650 1807 779 1857 transiliat
789 1825 892 1857 munera
903 1807 995 1866 Liberi,

172 1904 191 1941 8.
204 1901 228 1940 c.
238 1903 257 1940 2.
266 1902 298 1939 12.
308 1902 327 1939 5.
396 1894 533 1942 Centaurea
544 1900 628 1941 monet
639 1908 694 1941 cum
705 1891 820 1955 Lapithis
832 1890 887 1939 rixa
898 1907 972 1955 super
983 1908 1050 1940 mero

171 2013 190 2051 9·
204 2001 228 2041 ο,
236 1953 257 2041 i]
266 1952 327 2040 {¹71}
395 1975 534 2034 Debellata,
546 1981 630 2023 monet
641 1974 762 2023 Sithoniis
774 1990 824 2022 non
836 1974 899 2022 levis
910 1974 1015 2033 Euhius,

395 2059 477 2113 Quum
488 2058 528 2106 fas
539 2065 611 2122 atque
623 2059 694 2106 nefus
705 2057 794 2121 exiguo
804 2058 855 2105 fine
866 2057 999 2106 libidinum
1169 2065 1194 2106 10

395 2142 546 2191 Discernunt
556 2141 631 2191 avidi.
665 2143 722 2191 Non
734 2158 778 2205 ego
789 2148 823 2201 to,
835 2142 938 2191 candide
949 2143 1080 2201 Bassareu,

395 2226 507 2275 Invitum
518 2226 641 2289 quatiam:
660 2242 705 2274 nee
715 2225 792 2274 variis
804 2225 887 2274 obsita
898 2226 1028 2275 frondibus

396 2309 447 2358 Sub
458 2308 544 2357 divum
554 2308 658 2373 rapiam.
693 2309 763 2357 Saeva
773 2315 830 2357 tene
841 2325 897 2357 eum
908 2307 1055 2372 Berecyntio

396 2392 479 2441 Cornu
489 2397 615 2456 tympana,
627 2408 681 2454 quae
693 2375 852 2454 subsequitur
862 2407 940 2439 caecus
951 2394 1029 2440 Amor
1040 2391 1088 2449 sui,

173 2492 203 2530 ις.
217 2480 353 2521 c.3.16.19.
394 2475 429 2524 Et
440 2476 530 2524 tollens
541 2490 646 2523 vacuum
657 2474 713 2538 plus
726 2473 803 2523 nimio
814 2473 901 2523 Gloria
912 2474 1036 2533 verticem,
1171 2481 1196 2527 lo

173 2568 202 2608 16.
215 2568 240 2658 ἓ.
249 2570 268 2659 l]
278 2569 352 2659 {lips
394 2558 533 2622 Arconique
544 2556 618 2606 Fides
630 2557 741 2621 prodiga,
753 2557 902 2622 perlucidior
912 2557 985 2607 vitro.

494 2709 526 2746 26.
540 2706 713 2755 moontlnentes;
725 2706 818 2756 injiciat.
911 2715 976 2747 xum.
990 2708 1010 2746 7.
1024 2707 1092 2756 ao,B.
