2475 3284
302 194 496 245 CARMINUM
513 195 578 247 ΗΒ.
596 197 644 248 III.
661 197 714 247 viii.

240 326 356 375 Frustra:
374 344 433 376 nem
444 328 552 392 scopulis
564 328 662 378 surdior
673 330 738 379 Icari

239 410 315 458 Voces
326 409 397 458 audit
408 410 488 460 adhuc
500 411 602 475 integer.
636 414 672 461 At
683 412 730 462 tibi

270 492 308 541 Ne
319 491 416 541 vicinus
428 493 539 557 Enipeus

303 574 364 623 Plus
371 572 442 639 justo
452 577 557 640 placent,
570 593 643 627 cevez

237 690 356 745 Quemvis
368 708 417 740 non
428 691 493 741 alius
504 693 600 742 flectere
612 710 702 757 equum
713 693 792 743 sciens
928 716 960 755 25·
974 706 1027 746 (1.3.
1037 708 1068 746 12.
1078 708 1110 747 11.

236 775 316 837 AEque
327 775 477 839 conspicitur
487 776 599 838 gremino
610 776 712 836 Martio,
928 758 1126 852 armfflfiffifs'oe·

268 857 320 905 Nec
330 856 460 921 quisquam
471 858 536 907 citus
547 874 615 922 aeque

300 938 380 988 Tusco
391 938 493 988 denotet
503 941 581 990 alveo.
928 949 975 988 Tus.
990 948 1014 990 G.
1023 950 1042 991 1.
1052 952 1071 991 u.
1080 952 1113 991 14.

234 1055 319 1104 Prima
330 1062 400 1105 nocte
411 1056 511 1106 domum
522 1058 623 1108 claude:
637 1076 715 1123 neque
726 1058 752 1108 in
763 1059 818 1109 vias

233 1138 284 1187 Sub
295 1145 370 1188 centu
381 1141 488 1203 querulae
499 1141 597 1206 despice
608 1141 691 1192 tibiae:

265 1221 300 1270 Et
310 1228 335 1271 te
347 1238 412 1287 saepe
423 1223 522 1272 vocanti

298 1305 393 1354 Duram
404 1305 512 1355 difficilis
523 1323 604 1357 mene.
925 1312 964 1361 dis.
978 1312 1001 1354 Ο.
1011 1314 1030 1354 3.
1041 1315 1072 1355 10.
1082 1316 1113 1356 11.

460 1513 535 1563 VIII.

229 1669 342 1718 Mnnms
354 1669 442 1719 caelebs
454 1669 514 1733 quid
525 1685 597 1733 egem
609 1669 740 1729 Kalendis,

228 1750 295 1806 Quid
305 1751 385 1799 velint
396 1753 468 1801 flores
480 1759 505 1801 et
515 1769 600 1801 acerra
611 1752 693 1802 thuris

227 1833 313 1894 Plena,
326 1834 434 1893 mireris,
446 1835 590 1899 positusque
601 1837 676 1885 carbo
688 1836 713 1884 in

360 1917 466 1981 Caespite
477 1917 542 1977 vivo,

228 2033 305 2083 Docte
317 2033 437 2082 sermonis
449 2033 577 2097 utriusque
588 2034 700 2097 linguae?

227 2117 348 2166 Voverem
360 2116 439 2165 dulcis
451 2118 537 2180 epules
549 2123 575 2165 et
585 2116 672 2165 eibum

225 2198 316 2249 Libero
327 2182 436 2264 caprum,
449 2212 524 2263 prope
535 2200 666 2248 itineratus

357 2281 462 2331 Arboris
475 2282 533 2330 ictu.

224 2397 274 2448 Hic
285 2398 338 2448 dies
350 2414 417 2448 enno
428 2397 547 2447 redeunte
559 2397 639 2447 festus

224 2481 346 2531 Corticem
356 2480 503 2531 adstrictum
515 2479 568 2545 pice
579 2479 717 2529 dimovebit

222 2565 356 2629 Amphorae
367 2565 463 2612 fumum
474 2563 559 2613 bibere
571 2563 694 2612 institutae

355 2647 461 2698 Consule
472 2646 554 2697 Tullo⁴

163 2778 186 2817 5.
201 2785 316 2818 semones.
418 2778 438 2818 6.
451 2777 530 2817 dulces.
636 2776 668 2817 1⁰.
681 2775 809 2816 demovebit.
