2475 3284
235 196 488 247 EPISTOLARUM
505 196 572 246 ΗΒ.
585 197 612 250 J.
629 195 681 247 xix.

107 330 236 380 Nocturna
247 335 426 388 commemoro,
438 334 526 394 putere
537 328 635 379 diurno,

107 412 182 473 Quid,
195 412 217 461 si
229 412 285 477 quis
295 412 366 462 voltu
377 417 449 461 torvo
459 412 527 461 ferus
540 419 565 461 et
576 411 638 477 pede
649 411 716 461 nudo

15 551 16 560 ἵ
106 496 259 560 Exiguaeque
269 501 333 559 loga
345 494 446 544 simulet
456 500 552 544 textore
564 494 693 553 Catonem,

15 567 16 648 l
105 565 264 628 Virtutemne
275 582 436 642 repraesentet
446 593 575 641 moresque
586 576 690 626 Catonis
699 577 710 625 l

15 653 25 684 ³³
61 663 90 711 15
105 660 187 725 Rupit
197 660 320 709 Iarbitam
332 659 475 724 Timagenis
487 660 577 726 aemula
587 658 682 723 lingua,

105 743 173 793 Dum
184 743 270 793 studet
280 744 391 793 urbanus
403 729 532 807 tenditque
542 741 653 791 disertus
664 741 759 791 haberi.

15 815 17 864 ἶ
38 839 41 842 ’
53 839 57 844 ·
105 826 207 891 Decipit
218 827 346 891 exemplar
356 824 427 876 vitiis
438 824 577 885 imitabile;
594 824 694 889 quodsi
749 820 751 824 ’

105 910 232 960 Pallerem
242 925 311 969 casu,
323 908 440 961 biberent
450 924 574 972 exsangue
586 907 720 958 cuminum.

52 986 287 1064 ffimitaaores,
299 1008 398 1043 servum
408 1008 491 1057 pecus,
502 996 532 1040 ut
543 990 606 1040 mihi
618 1006 683 1055 saepe

48 1065 89 1125 '20
105 1061 196 1134 Bilem,
210 1092 276 1140 saepe
283 1074 368 1141 josum
379 1074 457 1124 vestri
468 1090 566 1124 movere
578 1073 715 1122 tumultusl

105 1158 197 1209 Libera
208 1175 255 1224 per
265 1175 371 1209 vacuum
382 1157 455 1223 posui
465 1157 574 1222 vestigia
584 1157 707 1221 princeps,

105 1242 163 1292 Non
174 1242 260 1292 aliena
270 1259 325 1292 meo
336 1241 497 1307 pressi'pede.
531 1240 581 1297 Qui
592 1239 642 1289 sibi
653 1238 717 1298 fidit,

105 1326 163 1375 Dux
173 1325 240 1389 regit
251 1341 364 1375 examen.
397 1324 487 1375 Parios
499 1339 544 1388 ego
555 1322 652 1388 primus
664 1323 760 1371 iambos

106 1407 210 1457 Ostendi
221 1406 303 1467 Latio,
316 1422 432 1457 numeros
443 1405 588 1470 animosque
600 1410 698 1455 secutus

60 1493 89 1541 25
106 1490 259 1549 Archilochi,
271 1507 320 1539 non
332 1506 372 1539 res
384 1495 410 1539 et
419 1489 521 1553 agentia
532 1490 610 1539 verba
620 1488 770 1553 Lycamben.

105 1575 142 1623 Ao
153 1590 184 1622 ne
195 1589 236 1622 me
248 1572 316 1623 foliis
328 1571 383 1623 ideo
394 1572 549 1622 brevioribus
561 1581 650 1632 ornes·

106 1656 178 1713 Quod
188 1656 264 1705 timui
276 1662 373 1707 mutare
384 1655 470 1706 modos
482 1662 508 1707 et
518 1654 638 1705 carminis
649 1660 742 1704 artem:

105 1740 239 1806 Temperat
249 1738 392 1789 Archilochi
402 1739 504 1789 Musam
515 1738 578 1803 pede
589 1738 701 1787 massula
712 1736 818 1802 Sappho,

104 1823 239 1888 Temperat
249 1824 356 1882 Alcaeus,
368 1821 412 1871 sed
423 1823 498 1871 rebus
510 1826 536 1871 et
546 1820 632 1871 ordine
643 1819 736 1885 dispar,

60 1908 90 1956 30
104 1906 158 1955 Neo
169 1922 282 1956 sooerum
293 1904 388 1969 quaerit,
400 1921 474 1970 quem
484 1904 600 1955 versibus
611 1904 710 1954 oblinat
720 1903 791 1963 atris,

103 1989 156 2039 Neo
166 2004 266 2054 sponsas
276 1988 391 2051 laqueum
403 1988 499 2037 famoso
510 1986 620 2037 earmina
632 1986 716 2037 necuit.

104 2072 179 2121 Hune
190 2087 236 2136 ego
248 2087 297 2120 non
309 2068 360 2119 alio
370 2070 465 2120 dietum
475 2069 545 2135 prius
557 2086 599 2119 ore
608 2068 716 2119 Latinus

103 2153 210 2217 Volgavi
220 2153 312 2203 fidicen
321 2170 328 2213 ;
341 2150 416 2218 juvat
426 2152 598 2203 immemorata
609 2153 730 2202 ferentem

79 2225 224 2316 Qenuis
236 2235 362 2301 oculisque
373 2235 423 2300 legi
434 2235 598 2300 manibusque
609 2234 697 2285 teneri.

58 2324 88 2372 35
104 2320 172 2371 Scire
182 2320 253 2381 velis,
266 2337 322 2371 mea
332 2337 377 2370 eur
387 2320 501 2384 ingratus
512 2321 632 2385 opuscula
642 2320 719 2369 laetor

102 2402 200 2453 Laudat
210 2409 325 2469 ametque
336 2402 411 2461 domi,
422 2408 520 2467 premat
531 2408 602 2452 extra
614 2402 692 2451 limen
703 2400 823 2465 iniquus?

102 2486 160 2535 Non
173 2500 218 2550 ego
229 2492 339 2536 venlosae
350 2485 432 2551 plebis
444 2484 563 2549 suffragia
573 2501 651 2535 venor

103 2566 229 2632 Impensis
241 2583 357 2620 cenarum
368 2573 395 2617 et
405 2566 473 2617 tritae
483 2583 585 2616 munere
596 2565 674 2616 vestis
684 2583 690 2626 ;

103 2650 162 2700 Non
174 2667 227 2715 ego,
240 2650 363 2700 nobilium
374 2650 523 2715 scriptorum
534 2648 635 2699 auditor
645 2655 671 2698 et
681 2650 756 2708 ultor,

56 2736 87 2783 40
103 2733 287 2784 Grammaticus
298 2733 393 2784 ambire
404 2734 486 2784 tribus
498 2739 523 2783 et
533 2732 632 2798 pulpita
642 2731 745 2797 dignor:

1024 195 1083 256 267

884 343 925 375 ear.
937 331 991 374 (1.4.
1000 332 1020 374 1.
1029 334 1062 375 31.

884 506 917 537 α.
927 498 941 536 t.
950 495 975 537 Ε.
985 497 1042 537 1.]8.
1050 495 1083 536 30.

841 1151 843 1154 ’
883 1160 1065 1201 muamm

957 1213 978 1252 4.
987 1212 1007 1253 9.
1016 1214 1035 1252 ὃ.

882 1914 922 1955 obl.
934 1913 960 1954 Ε.
969 1915 988 1954 2.
998 1915 1017 1955 1.
1027 1914 1073 1955 237.

882 2009 924 2048 aec,
932 1998 972 2047 ap.
982 1999 1014 2039 17.
1023 1999 1056 2038 72.

887 2158 1055 2200 aranea

882 2215 1074 2288 manum

881 2411 913 2440 aa.
923 2402 945 2441 li.
959 2400 983 2441 (1.
992 2401 1038 2440 M.
1047 2402 1079 2441 10.

880 2479 923 2526 aas.
936 2477 961 2517 Ε.
971 2478 990 2517 2.
999 2478 1019 2517 1.
1029 2477 1074 2517 103.
