2475 3284
147 1208 200 1248 pon.
214 1198 239 1238 E.
248 1199 267 1238 t.
278 1200 297 1238 2.
307 1198 339 1239 99.

151 1373 194 1413 345.
208 1362 234 1403 E.
242 1363 262 1402 l.
273 1362 305 1402 20.
315 1364 333 1403 2.

152 2364 205 2405 Circe.
214 2364 239 2405 Ε.
249 2366 268 2405 2.
276 2365 295 2405 1.
303 2366 348 2406 233.

620 238 648 298 Q.
665 237 803 287 Horum
819 238 943 288 FLACCI

375 370 427 418 Aut
438 368 554 433 prodesse
564 371 653 419 volunt
664 376 709 420 eut
719 370 840 420 delectare
852 375 937 435 po'e'tae,

374 454 428 501 Aut
438 452 513 501 simul
524 458 549 501 et
555 450 666 517 jucunde
678 459 703 502 et
714 453 803 502 idonee
813 453 895 503 dicere
905 453 972 503 vites.

375 534 501 599 Quidquid
512 535 647 600 praecipics,
659 542 712 585 esto
724 536 815 597 brevis,
827 542 856 585 ut
866 535 915 585 cito
926 535 993 585 dicte
1134 538 1199 586 335

374 616 518 681 Percipient
528 617 606 666 enimi
616 617 708 667 dociles
719 624 869 683 teneantque
879 618 965 668 fideles
974 637 980 678 ;

375 700 454 749 Omne
465 716 643 764 supervacuum
654 702 728 766 pleno
739 701 770 750 de
781 709 879 766 pectore
889 707 984 752 menet.
1013 695 1016 698 ¹

373 782 445 832 Ficta
455 783 592 848 voluptatis
604 800 679 833 ceuse
690 784 742 834 sint
752 785 866 850 proxime
875 785 950 843 veris,

374 865 426 915 Nec
436 865 603 931 quodcumque
614 868 689 925 volet,
700 874 787 932 poscet
798 868 847 917 sibi
859 869 945 917 fabule
957 867 1031 927 credi,

374 948 429 998 Neu
439 965 537 1014 preneae
548 949 642 999 Lemiae
652 950 738 1000 vivum
749 968 853 1015 puerum
864 950 980 1000 extrahet
990 952 1056 1000 elro.
1132 955 1197 1001 340

374 1032 499 1081 Centuriee
510 1032 635 1081 seniorum
646 1033 744 1097 egitent
754 1033 866 1097 expertia
877 1034 965 1097 frugis,

374 1114 440 1163 Celsi
452 1121 602 1179 praetereunt
613 1123 713 1165 austere
724 1120 839 1180 poemate
849 1116 973 1166 Remnes:

374 1196 452 1245 Omne
464 1197 524 1246 tulit
534 1204 661 1262 punctum,
673 1199 715 1263 qui
726 1198 827 1248 miscuit
837 1199 899 1248 utile
911 1198 984 1258 dulci,

372 1279 500 1329 Lectorem
510 1280 655 1330 delectando
666 1280 807 1346 pariterque
817 1281 953 1331 monendo:

373 1361 424 1411 Hic
434 1369 512 1412 meret
523 1379 573 1413 aere
583 1363 648 1412 liber
659 1364 751 1424 Sosiis3
767 1364 809 1413 hic
820 1370 846 1413 et
855 1380 924 1413 mare
935 1363 1028 1413 trensit
1132 1368 1196 1416 345

373 1444 409 1494 Et
418 1445 520 1509 longum
531 1452 590 1495 noto
602 1445 717 1511 scriptori
729 1453 846 1511 proroget
857 1463 944 1496 sevum.

375 1528 438 1576 Sunt
448 1527 539 1577 delicte
549 1534 641 1588 temen,
653 1529 743 1593 quibus
753 1529 879 1593 ignovisse
890 1530 996 1579 velimus
1006 1547 1027 1588 ;x

373 1612 440 1662 Nem
447 1629 525 1677 nsque
533 1613 625 1663 chordo
632 1630 720 1662 sonum
727 1614 816 1673 reddit,
822 1631 895 1678 quem
903 1616 958 1664 volt
965 1630 1055 1663 menne
1062 1619 1090 1664 et
1097 1631 1196 1674 mens,

373 1695 536 1760 Poscentique
546 1712 648 1759 gravem
659 1713 769 1761 persaepe
780 1696 887 1746 remittit
897 1703 1011 1756 eeutum3

373 1777 426 1827 Nec
437 1796 533 1843 semper
544 1778 617 1828 feriet
628 1778 795 1844 quodcumque
806 1780 946 1829 minabitur
957 1796 1036 1829 erens,
1133 1785 1197 1831 350

374 1861 466 1910 Verum
477 1862 520 1911 ubi
531 1862 604 1927 plura
615 1863 698 1911 nitent
708 1862 735 1911 in
747 1862 863 1922 carmine,
876 1880 925 1912 non
937 1879 981 1926 ego
992 1862 1080 1927 paucis

375 1944 493 1993 Offender
504 1945 616 2005 merulis,
628 1962 690 2010 ques
701 1952 745 1994 eut
756 1945 853 1995 incurie
864 1945 930 1995 fudit

374 2028 425 2076 Aut
435 2027 545 2077 humene
555 2044 644 2093 perum
654 2027 721 2077 cevit
733 2035 830 2078 neture.
864 2028 931 2084 Quid
943 2030 1044 2092 ergoet?

374 2110 411 2159 Ut
422 2109 527 2175 scriptor
538 2112 560 2160 si
571 2118 657 2176 peccet
666 2111 732 2160 idem
743 2111 861 2160 librarius
872 2128 956 2175 usque,

374 2193 493 2249 Quemvis
505 2201 544 2243 est
554 2194 671 2253 monitus,
682 2193 757 2243 venie
768 2199 850 2252 ceret;
867 2199 897 2243 ut
908 2194 1058 2243 citheroedus
1131 2201 1194 2248 355

373 2275 485 2337 Ridetur,
498 2277 589 2327 chorde
600 2277 643 2341 qui
654 2294 751 2342 semper
761 2277 860 2327 oberret
871 2277 971 2327 eedem:

374 2360 414 2410 Sic
425 2360 495 2420 mihi,
507 2361 549 2425 qui
561 2361 668 2410 multum
680 2367 767 2419 cesset,
779 2362 810 2410 fit
821 2360 944 2411 Choerilus
956 2360 1007 2419 ille,

374 2444 453 2499 Quem
463 2444 504 2492 bis
515 2450 583 2493 terre
595 2445 688 2493 bonum
699 2461 755 2493 cum
765 2444 819 2493 risu
829 2444 906 2493 miror
915 2462 921 2504 3
939 2451 964 2493 et
975 2444 1041 2494 idem

374 2526 501 2590 Indignor,
514 2526 659 2591 quandoque
670 2528 750 2577 bonus
762 2526 882 2576 dormitet
892 2527 1025 2577 Homerus.

374 2610 466 2659 Verum
478 2610 546 2677 <meri
558 2612 632 2674 longo
643 2612 682 2659 fes
694 2616 733 2659 est
744 2612 860 2676 obrepere
872 2628 993 2661 somnum.
1133 2613 1194 2666 '360

349 2719 351 2723 ·
375 2694 412 2742 Ut
423 2693 527 2758 picture,
539 2694 635 2758 poesis:
655 2694 709 2752 erit,
721 2710 783 2758 quse,
796 2694 816 2742 si
829 2694 931 2759 propius
943 2700 1001 2754 stes,

696 2828 741 2868 85³.
754 2835 804 2876 ergo
812 2828 852 2868 eet.
