2475 3284
616 219 645 280 Q.
661 219 799 270 HORATI
815 220 943 271 Feruor

371 353 477 401 Strenua
486 368 531 401 nos
543 359 639 402 exercet
650 351 757 414 inertis;
776 353 882 402 navibus
893 359 967 417 atque

371 435 504 500 Quadrigis
515 434 623 500 petimus
635 436 697 485 bene
708 436 799 485 vivere.
832 435 905 491 Quod
915 435 988 500 petis,
1000 434 1043 485 hic
1054 441 1107 495 est,

370 517 419 567 Est
429 518 542 578 Ulubris,
554 518 653 568 animus
665 518 687 568 si
698 525 724 567 te
735 535 784 568 non
796 518 880 568 deficit
890 535 982 582 aequus.
1156 518 1195 564 30

740 736 802 787 XII.

372 866 517 916 Frucnsus
527 867 647 933 Agrippa
659 868 756 928 Siculis,
768 885 829 933 quos
840 868 946 932 colligis,
957 868 1014 927 Ioci,

148 974 168 1005 2.
182 962 206 1004 c.
216 964 234 1002 3.
244 962 276 1002 16.
285 962 318 1001 ur.
374 947 400 998 Si
410 954 476 998 recte
487 950 585 1009 frueris,
598 967 647 1000 non
660 958 705 1011 est,
717 958 747 1000 ut
757 950 828 1015 copia
839 949 919 1015 major

148 1045 193 1084 Jov.
207 1041 343 1083 c,1.28.28.
373 1032 414 1080 Ab
425 1030 487 1081 Jove
499 1031 586 1081 donari
598 1033 679 1096 possit
689 1033 745 1082 tibi.
779 1032 850 1082 Tolle
862 1033 1000 1097 querellss3

149 1137 195 1167 acu.
209 1126 233 1167 G.
243 1127 262 1167 2.
271 1126 303 1165 11.
312 1126 333 1164 4.
373 1110 472 1176 Pauper
482 1112 548 1161 enim
560 1129 609 1162 non
622 1119 667 1172 est,
679 1113 718 1162 cui
729 1130 812 1162 rerum
824 1112 933 1178 suppetit
943 1129 1013 1162 usus.

374 1193 401 1242 Si
412 1194 494 1243 ventri
505 1195 574 1255 bene,
587 1195 609 1244 si
620 1195 694 1245 lateri
705 1201 744 1245 est
754 1195 906 1261 pedibusque
916 1194 974 1255 tuis,
987 1195 1024 1244 nil
1173 1199 1191 1245 5

375 1274 477 1325 Divitiae
488 1282 605 1341 poterunt
614 1279 711 1341 regales
722 1277 812 1327 addere
822 1276 911 1343 majus.

376 1358 402 1407 Si
413 1359 478 1408 forte
488 1359 515 1407 in
526 1359 608 1409 medio
618 1360 756 1424 positorum
767 1360 903 1410 abstemius
915 1359 1000 1410 herbis

375 1441 447 1490 Vivis
459 1447 484 1490 et
494 1442 581 1502 urtica,
594 1443 630 1492 sic
641 1442 710 1492 vives
721 1443 843 1507 protinus,
855 1451 884 1492 ut
894 1449 919 1492 te

377 1523 514 1573 Confestim
525 1524 634 1589 liquidus
645 1525 762 1575 Fortunae
775 1525 844 1574 rivus
855 1526 960 1584 inauret,

376 1606 424 1655 Vel
434 1606 493 1671 quia
504 1614 618 1657 naturum
630 1614 726 1658 mutare
737 1607 842 1673 pecunia
854 1607 940 1666 nescit,

377 1689 424 1738 Vel
435 1689 494 1753 quia
504 1697 591 1740 cuncta
602 1698 676 1756 putas
688 1708 739 1741 una
748 1691 842 1741 virtute
853 1689 957 1740 minora.

378 1772 508 1833 Miramur,
520 1774 542 1823 si
553 1774 689 1823 Democriti
701 1791 775 1839 pecus
788 1773 840 1823 edit
851 1775 944 1837 agellos

378 1854 506 1919 Cultaque,
518 1855 577 1904 dum
587 1873 688 1921 peregre
702 1862 741 1905 est
751 1855 849 1906 animus
862 1855 916 1904 sine
927 1871 1028 1920 corpore
1039 1855 1129 1914 velox;

379 1938 442 1987 Cum
452 1944 481 1987 tu
491 1938 558 1988 inter
568 1939 675 1988 scabiem
686 1945 784 1988 tantam
796 1945 821 1987 et
831 1937 946 2002 contagia
956 1938 1019 1987 lucri

379 2020 423 2069 Nil
433 2037 538 2085 parvum
550 2022 632 2087 sapias
645 2029 670 2071 et
680 2022 761 2072 adhuc
772 2021 889 2071 sublimia
900 2037 985 2070 cures:
1155 2025 1189 2071 15

379 2103 440 2158 Quae
451 2120 519 2153 mure
529 2110 686 2170 compescant
696 2121 784 2164 causes,
795 2103 856 2169 quid
866 2109 988 2167 temperet
997 2119 1100 2163 annum,

379 2185 463 2236 Stellas
474 2193 561 2251 sponte
573 2203 626 2247 sua,
634 2185 744 2252 jussaene
755 2192 878 2250 vagentur
888 2191 914 2235 et
925 2192 1014 2245 errent,

379 2267 446 2323 Quid
456 2275 553 2332 premat
564 2270 695 2318 obscurum
705 2269 779 2328 lunae,
791 2267 851 2332 quid
861 2268 972 2332 proferat
983 2267 1075 2326 orbem,

380 2349 446 2406 Quid
456 2350 520 2400 uelit
530 2357 556 2400 et
565 2351 647 2415 possit
657 2367 740 2399 rerum
751 2349 882 2400 concordia
893 2348 995 2409 discors,

281 2465 286 2477 ·
323 2464 328 2476 ·
379 2433 549 2498 Empedocles,
560 2449 593 2482 an
605 2432 752 2482 Stertinium
763 2432 852 2482 deliret
863 2448 973 2481 acumen.
1151 2436 1186 2482 20

379 2516 479 2574 Verum,
491 2532 535 2564 seu
545 2514 626 2580 pisces
637 2531 681 2564 seu
691 2531 792 2579 porrum
803 2521 829 2563 et
840 2530 905 2578 caepe
916 2511 1034 2572 trucidas,

298 2628 303 2640 ·
314 2603 333 2642 2.
380 2597 457 2647 Utere
468 2597 587 2662 Pompeio
598 2596 713 2662 Grospho
724 2603 756 2656 et,
769 2596 791 2645 si
803 2596 863 2660 quid
873 2602 948 2660 petet,
959 2597 1027 2644 ultro

200 2680 206 2692 ”
230 2679 243 2743 J
261 2679 272 2743 J
290 2653 337 2742 ‚6'22
380 2679 470 2739 Defer3
487 2679 524 2728 nil
536 2679 667 2743 Grosphus
679 2677 728 2727 nisi
739 2678 919 2728 commutabit
930 2684 1070 2742 etaequum.

505 2819 546 2851 ΧΠ.
560 2812 579 2851 5.
593 2808 703 2851 ilnterlst.
871 2809 904 2850 1³.
918 2808 1053 2858 iperegroet.
