2475 3284
277 216 470 276 CARMINUM
487 225 552 275 LIB.
570 224 617 276 IV.
634 223 684 274 xiv.

244 359 341 408 Verane
353 364 457 417 tunnas,
470 363 495 407 et
506 358 653 406 frementem

276 440 379 490 Mittere
391 458 480 505 equum
491 440 585 490 medios
596 458 642 505 per
652 440 731 505 ignea.

209 567 251 618 Sio
261 567 416 618 tauriformis
426 567 537 618 volvitur
547 567 653 617 Aufidus

208 652 257 707 Qui
268 668 345 716 regna
356 650 440 700 Dauni
451 650 561 716 praefluit
571 650 657 715 Apuli,

243 735 306 785 Cum
317 734 396 793 saevit,
407 733 605 798 horrendamque
616 732 692 782 cultis

275 817 402 867 Diluviem
412 816 549 866 meditatur
560 817 644 881 agris:

208 945 246 995 Ut
257 946 419 995 barbarorum
431 944 551 996 Claudius
563 943 664 1009 agmina

207 1028 312 1078 Ferrata
323 1035 395 1078 vasto
406 1027 485 1078 diruit
495 1027 598 1093 impetu,

240 1111 387 1176 Primosque
398 1118 424 1161 et
434 1116 557 1161 extremos
568 1109 683 1159 metendo

274 1194 371 1244 Stravit
385 1194 496 1254 humum,
509 1193 564 1243 sine
575 1192 645 1243 clade
656 1192 742 1252 vietor,

171 1322 175 1335 '
206 1325 243 1374 Te
254 1324 344 1390 eopias,
356 1330 381 1373 te
392 1322 524 1373 eonsilium
534 1329 561 1373 et
571 1330 628 1373 tuos

205 1406 337 1457 Proebente
348 1406 427 1457 divos.
460 1407 535 1466 Nam,
546 1406 594 1456 tibi
605 1406 706 1471 quodie

239 1490 330 1540 Portus
342 1489 499 1539 Alexandrea
511 1491 616 1555 supplex

271 1574 307 1624 Et
316 1589 420 1623 vacuam
432 1573 550 1637 patefecit
561 1574 653 1632 aulam,

204 1701 317 1752 Fortuna
328 1701 408 1749 lustro
419 1716 537 1765 prospera
549 1699 624 1749 tertio

204 1783 271 1833 Belli
282 1783 402 1833 secundos
414 1781 524 1832 reddidit
535 1782 624 1842 exitus,

238 1866 396 1930 Laudemque
407 1871 433 1914 et
444 1871 558 1929 optatum
567 1864 676 1929 peractis

271 1947 388 2013 Imperiis
399 1947 473 1998 deone
485 1947 618 2012 arrogavit

204 2078 239 2127 Te
252 2068 376 2127 Cantaber
387 2093 437 2126 non
449 2083 507 2126 ante
517 2076 659 2136 domabilis,

204 2159 348 2225 Medusque,
361 2166 387 2210 et
397 2159 485 2219 Indus,
496 2165 522 2209 te
533 2160 653 2224 profugus
665 2159 767 2225 Scythes

235 2243 352 2302 Miratur,
364 2260 379 2293 o
390 2242 470 2292 tutela
481 2258 590 2307 praeseus

270 2325 353 2375 Italiae
363 2325 517 2389 dominoeque
528 2324 630 2375 Romae:

203 2453 246 2512 Te,
258 2452 365 2502 fontium
375 2451 418 2516 qui
430 2453 495 2502 celat
505 2452 621 2516 origines,

203 2535 331 2600 Nilusque,
344 2541 370 2585 et
380 2534 476 2596 Hister,
489 2542 513 2585 te
524 2534 627 2601 rapidus
639 2533 730 2599 Tigris,

236 2619 271 2668 Te
283 2619 399 2668 beluosus
410 2618 453 2683 qui
464 2617 565 2668 remotis

269 2700 400 2766 Obstrepit
411 2702 523 2751 Ooeanue
534 2698 679 2750 Britannis:

234 2820 402 2862 Qmmw.
594 2820 704 2862 wdw.

903 824 1085 867 addam

900 1722 1077 1763 WAEAAEQ.

983 1774 1060 1813 Md

897 1871 1053 1923 WAAER

898 2087 1055 2146 anQdQ

897 2182 1098 2233 42.O.1.12.54,5a.
