2475 3284
115 894 136 935 6.
149 893 173 935 0.
182 894 202 934 3,
212 894 243 934 18.
257 893 289 932 14.

115 1235 162 1274 cro.
176 1224 200 1265 O.
210 1225 229 1264 1.
239 1224 271 1263 13.
281 1223 300 1263 t.

116 1308 290 1354 maztffl;

226 1359 246 1398 8.
256 1358 288 1397 67.

116 1476 158 1515 inc.
172 1473 195 1513 c.
206 1474 225 1514 1.
233 1473 266 1513 27.
276 1473 295 1512 3.

117 1567 148 1606 ¹4-
162 1556 188 1595 Ε.
199 1556 218 1596 1.
228 1556 247 1594 5.
258 1556 289 1594 16.

117 1720 152 1759 zio.
165 1718 205 1766 up.
216 1719 236 1758 4.
246 1718 278 1757 10.

116 1771 189 1808 cmc
198 1768 316 1808 c.1.2e.1.

115 1823 168 1868 tem.
182 1819 203 1858 S.
214 1820 232 1858 1.
243 1821 261 1858 1.
271 1820 303 1858 82.

186 1870 211 1909 Ε.
221 1871 240 1908 l.
250 1871 269 1908 3.
278 1870 310 1908 26.

117 2543 152 2583 lie.
166 2542 188 2583 Β.
197 2543 217 2582 1.
225 2543 245 2583 4.
255 2544 299 2582 132.

117 2710 150 2749 28.
164 2706 188 2748 O.
197 2709 216 2748 2.
226 2709 245 2749 b.
255 2709 286 2749 24.

585 201 613 263 Q.
630 202 768 253 HORATI
786 201 912 254 FLAOOI

717 335 766 385 XI.

405 466 493 526 Pnrrr,
505 465 568 516 nihil
579 483 626 527 me,
639 467 704 517 sicut
714 474 795 526 antea,
803 463 877 532 juvat

440 549 550 600 Scribere
561 550 696 600 versiculos
708 566 791 600 amore
802 566 945 615 percussum
956 550 1034 614 gravi.

406 634 505 691 Amore,
517 632 559 697 qui
571 649 610 682 me
622 640 712 698 praeter
723 649 808 684 omnes
820 633 914 697 expetit

439 715 561 765 Mollibus
571 717 599 765 in
610 715 695 781 pueris
706 716 788 765 autin
800 715 891 781 puellis
902 731 980 766 urere.

407 797 457 847 Hic
467 797 556 847 tertius
568 797 711 857 December,
724 814 813 862 exque
824 798 910 847 destiti
929 809 931 813 ’

440 879 543 930 Inachia
554 881 643 940 furere,
656 880 727 931 silvis
739 880 858 930 honorem
868 880 970 931 decutit.

407 962 480 1013 Heul
497 979 544 1023 me,
556 980 600 1029 per
610 964 790 1013 urbem—nam
801 963 878 1028 pudet
888 963 953 1012 tanti
965 963 1060 1012 mali-

440 1046 537 1096 Febula
548 1052 642 1110 quanta
654 1045 691 1095 fui
701 1051 707 1095 1
725 1046 895 1095 conviviorum
906 1053 932 1095 et
942 1046 1053 1110 paenitet,

407 1129 439 1178 In
450 1128 520 1193 queis
531 1134 658 1179 amantem
671 1135 696 1177 et
707 1130 813 1193 languor
824 1135 849 1178 et
861 1128 989 1178 silentium

440 1212 539 1275 Arguit,
552 1218 578 1261 et
588 1212 666 1282 latere
678 1211 772 1276 petitus
784 1212 835 1261 imo
846 1211 959 1276 spiritus.

409 1296 533 1346 Contrane
544 1295 641 1345 lucrum
653 1294 690 1343 nil
700 1295 784 1344 valere
795 1294 928 1344 candidum

440 1376 561 1441 Pauperis
573 1376 719 1441 ingenium?
736 1377 856 1441 querebar
867 1377 1001 1441 applorans
1013 1375 1068 1434 tibi,

408 1459 489 1510 Simul
499 1459 604 1509 calentis
616 1458 795 1509 inverecundus
806 1458 867 1508 deus

440 1541 585 1614 Fervidiore
596 1558 665 1591 mero
676 1557 767 1591 arcana
778 1547 906 1605 promorat
916 1542 977 1591 loco.

408 1624 482 1681 Quod
493 1625 514 1673 si
525 1623 588 1673 meis
600 1624 717 1673 inaestuet
727 1623 869 1688 praecordiis

441 1705 534 1755 Libera
544 1705 613 1765 bilis,
625 1712 654 1753 ut
664 1704 717 1754 haec
728 1705 828 1768 ingrata
838 1704 920 1754 ventis
931 1704 1028 1754 dividet

408 1788 537 1848 Fomenta,
548 1789 640 1838 vulnus
652 1788 689 1837 nil
700 1788 794 1836 malum
805 1787 922 1847 levantia,

442 1871 547 1921 Desinet
557 1870 696 1935 imparibus
707 1878 801 1920 certare
813 1877 950 1919 summotus
962 1869 1048 1934 pudor.

409 1954 461 2004 Ubi
472 1954 526 2003 haec
537 1970 637 2004 severus
648 1961 674 2003 te
685 1953 769 2018 palam
780 1952 948 2012 leudoveram,

442 2038 460 2086 J
460 2053 533 2086 ussus
544 2036 613 2086 abire
625 2036 733 2095 domum,
745 2036 843 2085 ferebar
854 2035 947 2085 incerte
958 2035 1019 2100 pede
1112 2044 1118 2058 ⁸

409 2120 450 2169 Ad
461 2136 511 2169 non
522 2119 614 2168 amicos
625 2118 689 2168 heul
706 2118 769 2167 mihi
780 2125 873 2183 postes,
885 2126 911 2168 et
921 2118 984 2168 heu!

441 2202 542 2252 Limina
552 2201 623 2261 dura,
635 2201 725 2266 quibus
736 2202 834 2251 lumbos
846 2208 872 2252 et
882 2202 974 2266 infregi
985 2203 1059 2251 latus.

408 2285 488 2346 Nunc,
500 2284 633 2349 gloriantis
644 2285 781 2348 quamlibet
791 2284 963 2334 mulierculam

442 2368 547 2418 Vincere
557 2367 672 2426 mollitie,
684 2383 754 2417 amor
763 2366 861 2432 Lycisci
872 2384 912 2417 me
923 2374 1006 2417 tenet:

409 2450 483 2500 Unde
494 2450 610 2515 expedire
622 2466 672 2500 nen
683 2451 817 2500 amicerum
829 2457 921 2515 queant

442 2533 534 2583 Libera
544 2532 657 2592 consilia,
670 2550 714 2583 nec
724 2533 879 2583 contumeliae
890 2549 978 2597 graves
988 2550 995 2592 ς

410 2616 459 2666 Sed
468 2616 534 2665 alius
545 2615 619 2664 ardor
631 2622 675 2665 aut
685 2618 775 2681 puellae
787 2616 905 2675 candidae,

441 2702 495 2748 Aut
505 2698 592 2749 teretis
603 2698 682 2763 pueri,
691 2700 791 2763 longam
802 2697 948 2748 renodantis
958 2714 1061 2751 comum.

394 2818 413 2857 1.
427 2815 495 2856 Pecu.
563 2816 583 2855 2.
596 2814 726 2864 perculsum.
794 2816 826 2856 24.
839 2814 940 2865 mollitia,
949 2814 981 2863 (S.
991 2817 1010 2855 2.
1020 2816 1038 2855 2.
1048 2814 1091 2862 27.)
