2475 3284
541 226 569 287 Q.
585 226 722 277 Hosffl
739 227 864 279 FLAOOI

307 357 417 423 Excepto
428 357 540 423 sapiente
550 365 626 410 tenet.
660 361 733 411 Nune
744 361 834 427 recipe,
846 378 922 427 quare

306 440 439 505 Desipiant
450 458 534 491 omnes
545 459 613 508 aeque
625 460 654 493 ae
663 450 699 504 tu,
708 445 751 509 qui
762 445 809 494 tibi
821 462 910 496 nomen

306 523 400 573 Insano
411 541 520 589 posuere.
554 527 631 575 Velut
642 527 720 587 silvis,
732 527 776 577 ubi
787 529 882 593 passim

305 608 424 658 Palantes
435 625 503 658 error
513 616 579 659 certo
590 609 620 659 de
632 610 731 660 tramite
743 612 822 675 pellit,

305 691 354 741 Ille
366 691 537 742 sinistrorsum
547 692 588 742 hie
599 693 757 743 dextrorsum
768 695 829 754 abit,
841 711 906 744 unus
917 694 1015 760 utrique
1072 697 1110 744 50

305 773 389 833 Error,
402 775 445 824 sed
455 775 533 826 variis
545 776 631 825 illudit
641 778 756 841 partibus
766 795 772 837 ;
789 777 836 827 hoe
847 784 872 827 te

241 899 243 904 ,
306 857 384 912 Crede
395 859 468 908 modo
478 859 602 919 insanum,
615 859 695 909 nihilo
706 867 735 909 ut
746 860 883 925 sapientior
894 860 944 919 ille,

305 940 355 997 Qui
366 947 391 990 ta
402 941 504 1001 deridet,
516 941 620 991 oaudam
631 942 724 992 trahat.
758 943 805 992 Est
816 959 893 1007 genus
904 960 982 993 unum

306 1024 425 1074 Stultitiae
436 1024 543 1073 nihilum
553 1025 687 1074 metuenda
697 1025 817 1086 timentis,
829 1032 859 1075 ut
869 1026 947 1090 ignes,

305 1108 343 1157 Ut
353 1124 426 1172 rupes
438 1108 572 1172 fluviosque
583 1107 609 1156 in
622 1125 708 1173 eampo
719 1110 818 1158 obstare
829 1114 962 1173 queratur3
1071 1112 1108 1159 55

304 1192 419 1241 Alterum
430 1197 456 1240 et
466 1191 524 1240 huie
535 1207 624 1241 varum
635 1198 661 1241 et
672 1192 752 1241 nihilo
763 1192 901 1257 sapientius
913 1192 984 1256 ignes

304 1275 354 1323 Per
364 1274 458 1324 medios
469 1273 605 1340 fluviosque
617 1275 727 1324 ruentis:
745 1276 837 1325 clamet
847 1275 927 1325 amica

304 1357 395 1417 Mater,
406 1356 512 1407 honesta
523 1374 593 1407 soror
603 1374 659 1407 cum
671 1358 790 1422 regnatis,
802 1364 880 1423 pater,
892 1373 969 1407 uxor:

304 1440 355 1490 Hie
365 1441 433 1490 fossa
445 1446 483 1489 est
493 1439 589 1503 ingens,
601 1440 643 1489 hic
654 1456 728 1505 rupes
740 1441 865 1501 maxima3
883 1445 968 1490 serva!

303 1524 361 1573 Non
371 1522 452 1587 magis
463 1522 578 1582 audierit,
589 1540 664 1587 quam
675 1523 760 1573 Fufius
772 1524 855 1572 ebrius
867 1524 935 1583 olim,
1071 1527 1105 1573 60

243 1640 246 1645 -
304 1607 367 1657 dum
377 1605 485 1655 Ilionam
497 1605 609 1666 edormit,
623 1606 733 1656 Catienis
744 1606 813 1656 mille
824 1607 936 1657 ducentis

303 1690 394 1749 Mater,
406 1695 431 1738 te
442 1689 548 1753 appello,
560 1689 734 1739 clamantibus.
768 1690 835 1740 Huic
846 1707 891 1754 ego
901 1691 990 1754 volgus

303 1772 389 1821 Emori
401 1771 509 1821 similem
520 1778 635 1821 cunctum
647 1771 757 1822 insanire
768 1772 867 1823 docebo.

303 1855 404 1905 Insanit
414 1860 511 1905 veteres
523 1860 619 1904 statuas
632 1855 800 1920 Damasippus
812 1855 928 1905 emendo:

302 1937 405 2002 Integer
415 1944 454 1987 est
463 1938 555 1988 mentis
567 1938 715 2003 Damasippi
727 1938 839 1989 creditor.
873 1939 943 1988 Esto.
1070 1942 1102 1988 65

303 2020 394 2085 Aoeipe
405 2021 470 2085 quod
481 2037 607 2086 nunquam
618 2021 708 2070 reddes
719 2021 789 2081 mihi,
801 2021 823 2070 si
834 2021 882 2070 tibi
893 2021 982 2080 dicam,

303 2104 374 2154 Tune
385 2103 488 2153 insanus
500 2104 557 2163 eris,
570 2104 592 2153 si
604 2104 745 2169 acceperis?
763 2122 795 2153 an
806 2104 886 2169 magis
898 2120 983 2154 exeors

303 2186 405 2252 Rejeeta
416 2186 507 2252 praeda,
519 2204 593 2251 quam
604 2204 714 2252 praesens
725 2188 864 2237 Mercurius
876 2189 944 2238 fert?

303 2268 387 2319 Scribe
398 2269 482 2319 decem
493 2286 509 2319 a
519 2270 611 2331 Neri03
629 2287 678 2319 non
691 2278 730 2320 est
741 2271 818 2320 satis:
835 2271 898 2320 adde
909 2271 1003 2321 Oieutae

303 2352 398 2401 Nodosi
409 2353 511 2401 tabulas
523 2358 630 2411 centum,
641 2353 711 2402 mille
723 2353 785 2402 adde
797 2360 911 2414 eatenas;
1070 2358 1100 2410 70

302 2434 413 2499 Effirgiet
423 2441 507 2483 tamen
518 2435 571 2484 haeo
582 2436 716 2485 sceleratus
728 2435 827 2486 vincula
837 2437 950 2486 Proteus.

304 2517 366 2566 Cum
377 2516 460 2581 rapies
472 2516 499 2565 in
506 2514 550 2581 jus
561 2518 636 2567 malis
647 2518 770 2568 ridentem
781 2519 879 2579 alienis,

302 2598 359 2647 Fiet
370 2615 436 2663 aper,
448 2599 521 2648 modo
533 2599 594 2660 avis,
604 2600 676 2649 modo
688 2618 783 2661 saxum,
792 2608 818 2651 et
828 2617 884 2651 cum
892 2602 960 2652 volet
970 2604 1051 2653 arbor.

302 2680 329 2729 Si
341 2682 405 2730 male
416 2697 469 2730 rem
480 2697 564 2744 gerere
575 2682 658 2732 insani
670 2689 716 2743 est,
727 2690 814 2733 eontra
825 2686 888 2734 bene
899 2684 969 2744 sani;

378 2811 410 2850 59.
424 2810 528 2850 lfossast.
630 2812 662 2852 62.
675 2812 759 2861 vulgus.
860 2816 893 2855 74.
907 2814 1026 2855 linsanlsb,
