2475 3284
310 212 518 266 SATIRARUM
535 215 601 266 ΗΒ.
617 216 639 269 Ι.
657 233 680 266 v.
1060 220 1119 282 173

91 350 142 397 125
159 346 243 396 Necne
255 344 289 395 sit
300 346 440 408 addubites,
451 349 540 413 flagret
550 365 647 398 rumore
658 350 725 399 malo
736 365 791 399 cum

159 428 209 479 Hic
220 435 293 494 etque
304 429 368 479 ille?
401 430 496 480 Aridos
507 431 617 481 vicinum
629 433 705 481 funus
716 439 745 481 ut
755 449 834 497 aegros

160 512 297 562 Exanimat
307 512 442 579 mortisque
454 521 522 564 metu
534 514 583 564 sibi
594 531 694 579 parcere
705 516 771 580 cogit
780 534 787 577 ;
917 521 968 560 W·
982 511 1006 552 Ε·
1017 513 1035 552 ¹·
1045 513 1064 552 ⁷·
1074 515 1106 554 ¹¹·

162 594 203 645 Sic
214 601 312 645 teneros
324 596 420 645 animos
432 597 514 646 aliena
525 597 659 662 opprobria
670 614 735 663 saepe

161 679 311 727 Absterrent
320 678 398 728 vitiis.
431 679 472 729 Ex
482 679 529 728 hoc
540 696 584 744 ego
596 696 672 729 sanus
683 682 715 729 ab
726 680 787 741 illis,

96 763 144 810 130
160 759 300 810 Perniciem
311 777 469 825 quiscumque
479 763 571 822 femnt,
583 762 748 813 mediocribus
759 765 851 830 etquis
919 757 972 797 Μ·
985 756 1007 797 S·
1016 758 1035 798 ¹·
1045 759 1064 798 ³·
1074 759 1106 799 ²⁰·

160 843 279 907 Ignoscas
290 843 361 892 vitiis
372 850 473 904 teneor3
491 845 606 895 fortassis
618 854 644 895 et
655 846 730 895 istinc

158 924 274 989 Iargiter
284 926 418 976 abstulerit
428 928 503 991 longa
514 934 582 987 aetss,
594 928 659 977 liber
669 929 771 989 amicus,
828 930 879 996 [me

159 1008 298 1059 Consilium
314 1010 457 1075 proprium3
475 1011 639 1076 nequeenim,
651 1029 707 1061 cum
718 1013 823 1062 lectulus
834 1020 879 1064 aut

158 1091 273 1141 Porticus
285 1093 390 1157 excepit,
402 1093 488 1143 desum
500 1093 569 1143 mihi.
604 1093 707 1143 Rectius
718 1095 765 1144 hoc
775 1102 827 1154 est;
895 1162 897 1166 ι
919 1092 961 1131 d&-
974 1090 996 1132 S·
1006 1092 1025 1133 ¹·
1034 1092 1054 1132 9.
1063 1094 1096 1133 ⁶⁶·

94 1178 142 1225 135
158 1176 214 1225 Hoc
225 1174 319 1225 faciens
330 1175 415 1225 vivam
425 1176 515 1225 melius
525 1195 531 1236 3
549 1175 585 1225 sic
595 1176 676 1226 dulcis
686 1177 773 1227 amicis
919 1171 964 1211 (111·
977 1171 998 1212 S·
1008 1173 1027 1212 ¹·
1036 1172 1105 1262 1113991

160 1257 306 1317 Occurram3
324 1258 370 1308 hoc
380 1258 482 1323 quidam
493 1275 542 1308 non
554 1260 634 1309 belle:
652 1259 772 1324 numquid
783 1276 827 1324 ego
838 1260 878 1310 illi
1096 1251 1102 1264 ⁹

159 1340 308 1405 Imprudens
319 1341 380 1390 olim
391 1341 482 1390 faciam
494 1341 593 1391 simile?
627 1342 688 1391 Haeo
699 1358 744 1405 ego
755 1359 851 1393 mecum

161 1423 315 1489 Compressis
326 1424 394 1488 cgito
405 1423 484 1473 labris
494 1442 500 1483 ;
517 1424 561 1473 ubi
572 1424 633 1489 quid
643 1425 718 1474 datur
729 1426 772 1486 oti,
1036 1490 1038 1493 ι

159 1506 242 1556 Illudo
253 1506 355 1557 chartis.
389 1507 445 1556 Hoc
456 1513 495 1556 est
505 1506 670 1556 mediocribus
681 1507 734 1557 illis
918 1516 951 1555 ill.
964 1514 1015 1556 0.1.
1025 1516 1083 1556 322.

97 1593 142 1640 140
158 1590 197 1639 Ex
208 1589 278 1639 vitiis
290 1606 367 1638 unum
377 1608 383 1651 3
401 1590 440 1640 cui
452 1590 473 1639 si
485 1589 615 1639 concedere
627 1590 699 1650 nolis,

158 1672 240 1721 Mults
251 1677 381 1737 pobtnrum
393 1672 476 1722 veniet
487 1688 583 1732 manus,
595 1673 689 1722 auxilio
700 1690 755 1738 quse

158 1754 196 1803 Sit
206 1754 269 1803 mihi
278 1773 285 1814 ;
303 1772 362 1804 nom
372 1756 452 1805 multo
463 1755 547 1819 plures
559 1772 644 1804 sumus
655 1773 684 1805 ac
694 1757 773 1806 veluti
784 1764 809 1807 te

158 1837 238 1887 Judaei
250 1853 364 1902 cogemus
375 1837 402 1887 in
413 1837 478 1888 hanc
489 1837 620 1887 concedere
631 1839 739 1888 turbam.

474 2006 505 2057 V.

159 2138 298 2189 Ennnssun
309 2155 400 2203 magna
411 2156 450 2189 me
462 2139 559 2204 excepit
569 2139 655 2189 Aricia
665 2139 746 2190 Roma

158 2221 276 2286 Hospitio
287 2221 383 2272 modico
393 2241 399 2283 ;
417 2223 502 2273 rhetor
511 2240 592 2272 comes
603 2223 762 2284 Heliodorus,
915 2228 959 2269 riu·
972 2227 994 2267 S·
1003 2229 1022 2268 l·
1032 2228 1064 2268 10.
1074 2228 1105 2267 1²·

158 2305 299 2356 Graecorum
309 2308 382 2371 longe
393 2306 566 2357 doctissimus:
585 2307 643 2356 inde
654 2307 746 2356 Forum
757 2308 824 2373 Appi

160 2389 292 2439 Differtnm
304 2390 395 2450 nautis,
407 2390 560 2454 cauponibus
571 2396 646 2455 atque
656 2391 781 2455 malignis.

127 2476 141 2523 5
160 2473 215 2522 Hoc
226 2472 275 2523 iter
286 2473 370 2538 ignavi
382 2472 521 2532 divisimus,
533 2473 609 2522 ultius
621 2490 650 2522 ac
661 2491 706 2523 nos

156 2556 298 2606 Praecinctis
310 2572 400 2606 unum:
418 2556 501 2605 minus
513 2563 552 2605 est
562 2556 646 2620 grains
658 2557 742 2621 Appia
752 2558 840 2611 tardis.

157 2639 207 2690 Hic
218 2656 262 2704 ego
273 2642 375 2705 propter
385 2656 482 2705 aquam,
495 2640 561 2704 quod
572 2647 627 2689 erat
637 2639 778 2702 deterrima,
789 2642 872 2694 ventri

189 2764 221 2796 1v.
236 2758 280 2799 141.
293 2755 558 2806 consuescens.)
650 2764 673 2796 v.
688 2757 707 2798 e.
716 2757 788 2798 arms.

378 2821 398 2860 r,
411 2820 530 2868 acerrima,
539 2821 598 2860 seut.
