2475 3284
589 266 591 271 ,
617 214 645 276 Q.
662 214 801 266 HORATI
816 213 944 266 FLACOI

373 345 491 408 Clusinis,
503 346 645 412 Gabiosque
656 354 746 413 petunt
757 353 783 397 et
793 346 885 412 frigida
896 364 962 397 rura.

371 428 509 479 Mutandus
520 431 589 480 locus
601 438 639 480 est
650 438 675 479 et
686 430 827 480 deversoria
839 438 898 479 nota
1147 435 1178 480 10

371 512 576 577 Praeteragendus
587 529 673 578 equus.
707 513 763 568 Quo
774 513 877 563 tendis?
911 513 967 562 Nou
979 511 1041 561 mihi
1054 513 1149 563 Cumas

371 594 419 643 Est
429 594 477 644 iter
488 602 533 644 aut
542 595 627 654 Baias,
639 598 702 645 laeva
713 596 882 645 stomachosus
893 596 992 645 habena

371 675 444 727 Dicet
454 693 540 747 eques;
559 677 603 727 sed
615 678 671 742 equi
682 679 780 727 fmnato
792 684 832 727 est
842 677 910 727 auris
921 677 948 726 in
961 678 1022 742 ore.)

370 758 454 824 Major
464 766 548 808 utrum
559 761 679 824 populum
690 760 809 810 frumenti
821 760 893 825 copia
904 767 999 825 pascat,

371 841 525 891 Collectosne
535 842 626 891 bibant
636 842 729 892 imbres
739 849 858 907 puteosne
869 859 989 907 perennes
1147 849 1177 894 15

371 926 388 976 J
388 927 444 990 ugia
455 943 540 991 aquse3
561 927 631 992 (nam
641 927 702 976 rina
713 928 778 976 nihil
788 944 871 977 moror
881 927 951 976 illius
963 943 1027 977 orae:

144 1035 178 1075 pe.
184 1034 223 1074 pa.
232 1023 345 1064 aaran.
370 1009 438 1060 Rure
449 1026 504 1060 meo
515 1026 617 1075 possum
628 1009 726 1074 quidvis
738 1010 847 1075 perferre
858 1010 974 1075 patique,

146 1129 186 1165 lm·
201 1075 345 1165 oflgff'qgff'ff·
371 1093 411 1142 Ad
421 1110 490 1142 mare
501 1107 556 1143 cum
567 1092 633 1152 veni,
645 1109 791 1156 generosum
803 1100 828 1142 et
838 1094 893 1142 lene
905 1093 1011 1157 requiro,

371 1175 443 1230 Quod
454 1192 525 1225 curas
537 1176 630 1239 abigat,
642 1176 708 1240 quod
718 1192 774 1225 cum
785 1192 829 1240 spe
840 1175 918 1225 divite
929 1183 1014 1225 manet

371 1258 402 1307 In
413 1275 490 1307 renas
503 1259 661 1321 animumque
672 1274 762 1317 meum,
773 1257 839 1323 quod
849 1259 926 1307 verba
937 1258 1072 1318 ministret,
1144 1263 1176 1308 20

371 1340 443 1395 Quod
453 1357 492 1389 me
503 1341 610 1390 Lucanae
617 1336 737 1405 juvenem
747 1340 902 1390 commendet
913 1340 999 1390 amicae
1008 1342 1027 1405 3)

146 1450 194 1488 apr.
208 1440 229 1480 s,
239 1441 258 1479 2,
268 1439 287 1478 8.
294 1439 314 1479 a,
372 1421 476 1472 Tractus
487 1429 543 1471 uter
553 1424 638 1487 plures
650 1419 754 1487 lepores,
766 1429 822 1472 uter
833 1424 919 1473 educet
930 1440 1010 1488 apros,

146 1524 186 1562 ech.
200 1523 239 1570 Ep,
250 1524 268 1561 5.
280 1523 311 1561 27.
372 1505 437 1553 Utra
448 1504 528 1569 magis
539 1506 620 1570 pisces
633 1512 658 1554 et
669 1505 769 1555 echinos
780 1522 879 1570 aequora
890 1507 977 1566 celent,

147 1574 340 1662 Pmsffiffffi·
370 1586 475 1652 Pinguis
487 1595 516 1638 ut
525 1588 583 1638 inde
594 1588 694 1638 domum
705 1590 799 1654 possim
810 1590 950 1654 Phaeaxque
961 1588 1062 1649 reverti,

372 1671 483 1721 Scribere
494 1678 519 1721 te
531 1672 610 1731 nobis,
623 1672 672 1721 tibi
684 1689 729 1722 nos
740 1673 865 1722 accredere
877 1690 923 1737 par
934 1680 980 1725 est.
1144 1677 1176 1723 25

371 1754 488 1813 Maenius,
498 1760 527 1803 ut
538 1755 612 1804 rebus
624 1754 744 1803 maternis
756 1762 829 1819 atque
840 1754 951 1819 paternis

371 1836 481 1886 Fortiter
492 1836 631 1903 absumptis
643 1838 754 1886 urbanus
766 1838 839 1901 coepit
849 1836 943 1906 haberi,

277 1953 283 1966 .
318 1954 324 1966 .
373 1919 462 1968 Scurra
472 1935 557 1983 vagtis,
571 1936 620 1969 non
632 1919 674 1984 qui
686 1927 781 1969 certum
791 1937 901 1985 praesepe
913 1926 1016 1979 teneret,

222 2005 228 2017 '
280 2004 286 2018 ’
322 2004 328 2016 ’
373 2003 519 2067 Impransus
531 2019 581 2052 non
592 2003 635 2068 qui
647 2003 725 2053 civem
737 2003 875 2053 dinosceret
885 2004 963 2062 hoste,

374 2086 497 2142 Quaelibet
508 2087 534 2135 in
546 2087 657 2151 quemvis
670 2087 802 2152 opprobria
814 2089 907 2151 fingere
919 2103 1006 2145 saevus,
1146 2092 1177 2135 30

372 2169 499 2219 Pernicies
511 2177 536 2219 at
546 2176 682 2235 tempestas
693 2170 886 2234 barathrumque
897 2170 1003 2229 macelli,

373 2249 500 2316 Quidquid
510 2253 649 2317 quaesierat,
661 2254 742 2303 ventri
754 2253 864 2302 donabat
875 2269 957 2303 avaro.

373 2334 431 2394 Hic,
443 2336 486 2384 uhi
498 2336 614 2400 nequitiae
625 2337 765 2386 fautoribus
777 2343 803 2385 et
814 2336 910 2385 timidis
922 2335 959 2384 nil

374 2421 426 2467 Aut
436 2420 539 2483 pardum
550 2420 696 2479 abstulerat,
708 2418 809 2483 patinas
820 2420 926 2468 cenabat
937 2418 1023 2478 omasi,

373 2501 439 2550 Vilis
452 2507 477 2550 et
488 2502 593 2565 agninae,
605 2502 687 2550 tribus
699 2502 764 2550 ursis
776 2502 841 2566 quod
852 2502 914 2551 satis
927 2509 1007 2562 esset;
1146 2507 1176 2553 35

375 2583 474 2633 Scilicet
485 2590 514 2632 ut
524 2590 624 2633 ventres
636 2584 720 2633 lamna
732 2583 852 2634 candente
864 2590 981 2650 nepotum

401 2741 432 2780 1⁰.
445 2740 569 2782 diversoria.
620 2743 652 2781 13.
666 2741 740 2789 equis3
754 2741 886 2781 lirenatost.
937 2742 968 2781 29.
982 2741 1125 2790 digitosceret.

694 2805 726 2843 37.
739 2806 853 2843 correctus.
