2475 3284
276 196 568 278 esnmmempm.
586 195 622 246 m
639 213 662 246 v.
1032 197 1108 275 215⁸

118 330 242 382 Consistit
253 331 385 395 sumptus?
402 329 528 393 neglectis,
540 327 664 393 flagitium
674 327 770 392 ingens.

117 416 170 465 Ten
182 414 280 479 lapides
292 413 375 463 varios
387 413 511 462 lutulente
521 411 609 461 radere
619 412 704 476 palma
895 421 934 465 ten,
946 416 1067 456 Meet

105 499 152 569 ⁸Et
164 498 253 563 'l'ynias
265 497 324 546 dere
335 497 428 546 circum
439 496 521 546 inluta
533 495 624 546 toralia
635 501 726 554 vestes,
895 508 934 537 ces.
948 496 969 535 S.
979 497 998 535 a.
1008 496 1027 535 e.
1037 496 1081 535 103.

72 587 101 633 85
118 581 239 640 Oblitum,
251 587 344 644 quanto
355 596 440 630 curam
452 586 626 644 sumptumque
638 577 759 627 minorem
825 568 828 573 ’

118 665 179 714 Haec
190 663 307 722 habeant,
318 668 390 712 tanto
400 660 547 726 reprehendi
556 660 652 725 justius
663 659 724 719 illis,

119 747 180 803 Quae
192 745 242 795 nisi
253 745 374 795 divitibus
386 751 510 809 nequeant
520 743 662 807 contingere
674 741 787 792 mensis?

120 830 198 879 Docte
209 828 274 887 cati,
286 845 330 893 per
341 827 479 877 amicitiam
490 826 609 891 divosque
620 831 722 890 rogatus
898 838 941 876 req.
955 826 980 865 Ε.
990 826 1008 865 1.
1019 826 1038 864 8.
1049 827 1069 867 2.

119 913 214 961 Ducere
225 928 265 961 me
277 911 397 970 auditum,
408 927 496 976 perges
507 926 667 974 quocumque,
679 914 811 957 memento.

74 999 103 1045 90
119 996 186 1044 Nam
197 993 310 1058 quamvis
322 995 415 1043 referas
426 992 531 1042 memori
541 991 605 1041 mihi
616 998 715 1055 pectore
726 996 821 1049 cuncta,

122 1078 179 1128 Non
191 1083 275 1127 tamen
286 1076 410 1141 interpres
421 1074 569 1125 tantundem
576 1072 682 1139 juveris.
715 1072 787 1124 Adde

119 1160 221 1209 Voltum
231 1158 394 1222 habitumque
405 1157 522 1218 hominis,
534 1173 607 1221 quem
618 1163 647 1206 tu
657 1155 753 1205 vidisse
764 1157 852 1205 beatus

120 1243 176 1292 Non
188 1241 272 1305 magni
284 1240 381 1306 pendis,
393 1240 452 1305 quia
463 1239 583 1304 contigit3
601 1244 629 1288 at
640 1238 703 1287 mihi
715 1255 774 1289 cum

120 1326 177 1374 Non
188 1324 319 1374 mediocris
329 1323 404 1382 inest,
415 1322 494 1372 fontis
506 1328 535 1371 ut
545 1321 615 1372 adire
627 1328 735 1371 remotos

75 1413 104 1458 95
121 1410 201 1473 Atque
212 1406 313 1456 haurire
324 1422 413 1471 queam
423 1405 482 1456 vitae
493 1411 617 1470 praecepta
630 1406 718 1455 beatae.

458 1604 489 1655 V.

124 1739 181 1789 Hoc
191 1755 294 1804 quoque,
306 1737 411 1798 Tiresia,
423 1742 513 1802 practer
524 1743 627 1785 narrate
638 1736 732 1801 petenti

124 1822 265 1887 Responde,
276 1822 366 1886 quibus
378 1820 484 1871 amissas
495 1836 610 1885 reparare
621 1836 708 1884 queam
719 1836 759 1869 res

125 1905 230 1955 Artibus
241 1911 316 1970 atque
327 1905 416 1955 modis.
449 1903 516 1960 Quid
526 1903 612 1953 rides?
645 1903 663 1952 J
663 1919 735 1952 amne
746 1902 831 1964 deloso

125 1989 181 2038 Non
193 1988 255 2038 satis
266 1995 306 2038 est
316 1988 430 2037 Ithacam
440 1987 525 2037 revehi
536 1985 679 2051 patriosque
690 1993 793 2050 penates

96 2076 110 2122 5
125 2071 277 2136 Adspicere?
311 2071 332 2120 Ο
345 2070 409 2119 nulli
421 2068 552 2134 quicquam
563 2069 674 2128 mentite,
686 2068 796 2117 videant

126 2153 213 2203 Nudus
225 2153 344 2218 inopsque
355 2152 455 2201 domum
466 2151 572 2210 redeam,
584 2157 610 2200 te
620 2157 687 2209 vate,
700 2167 777 2214 neque
789 2150 842 2200 illic

126 2238 177 2285 Aut
188 2236 308 2300 apotheca
318 2235 400 2300 procis
411 2235 506 2284 intacta
517 2241 555 2284 est
566 2240 610 2282 aut
621 2249 710 2298 pecus:
728 2233 797 2298 atqui

126 2319 160 2368 Et
169 2335 248 2383 genus
259 2325 285 2367 et
294 2317 375 2367 vimus
387 2317 437 2367 nisi
448 2333 540 2367 cumre
551 2316 626 2365 vilior
638 2317 695 2380 alga
706 2323 751 2366 est.
900 2331 920 2368 a.
934 2328 1053 2368 saeua.

126 2401 231 2458 Quando
242 2400 385 2466 pauperiem
396 2399 480 2449 missis
491 2398 638 2462 ambagibus
649 2399 743 2458 horres,
899 2380 1090 2477 alqd'ci'ai‘ldi'm.

81 2488 110 2534 10
126 2485 216 2550 Accipe
227 2501 276 2548 qua
286 2484 383 2534 ratione
394 2499 469 2548 queas
480 2482 607 2532 ditescere.
642 2480 739 2530 Turdus
900 2480 955 2519 ame.
970 2480 994 2519 a.
1006 2481 1025 2519 1.
1035 2480 1054 2518 ⁷·
1064 2479 1096 2517 ⁸2·

127 2568 183 2618 Sive
195 2567 265 2617 aliud
275 2567 374 2633 privum
385 2565 487 2616 debitur
497 2564 552 2625 tibi,
564 2564 663 2614 develet
672 2564 739 2623 illuc,

129 2652 179 2701 Res
190 2651 234 2701 ubi
246 2667 338 2716 magna
349 2650 413 2699 nitet
423 2647 524 2698 domino
535 2664 608 2706 sene;
626 2646 708 2696 dulcia
719 2662 793 2710 poma

109 2784 260 2826 eminete.
312 2783 433 2822 eicientes.
482 2780 675 2822 namnetem.
725 2778 849 2828 &ultast
