2475 3284
259 223 512 275 EPISTOLARUM
529 212 595 274 ΠΒ.
612 224 633 274 Ι.
651 223 694 276 vii.

127 358 164 407 Ut
173 363 276 407 ventum
287 356 320 405 ad
331 373 417 406 cenem
428 362 473 415 est,
485 356 589 407 dicende
599 356 704 406 tacenda
715 357 811 406 locutus

126 440 238 490 Tandem
249 440 383 490 dormitum
394 439 536 489 dimittitur.
571 439 622 489 Hic
632 439 676 489 ubi
688 456 753 505 eaepe

128 524 257 573 Occultum
266 522 337 572 visus
348 522 477 571 decurrere
487 521 563 587 piscis
575 522 608 571 ad
618 522 721 572 hamum
903 551 934 592 74
948 540 973 581 E.
983 541 1002 579 1.
1011 541 1043 581 16.
1052 542 1085 581 el.

78 610 111 660 75
126 606 203 656 Mane
213 606 291 656 cliens
302 602 389 671 etjam
400 612 482 655 certus
493 605 603 665 conviva,
612 602 717 670 jubetur

122 688 196 754 ¹Rura
208 690 351 739 suburbana
362 687 463 738 indictis
474 704 555 738 comes
566 688 603 737 ire
613 687 722 739 Latinis.

127 772 263 837 Impositus
274 770 373 821 mannis
385 787 473 822 arvum
484 772 618 835 caelumque
631 771 751 820 Sabinum
903 791 959 820 man.
973 780 997 821 0.
1006 781 1026 821 3.
1035 781 1067 821 27.
1076 782 1096 821 7.

126 855 182 904 Non
194 861 276 904 cessat
285 853 395 904 laudare.
428 852 504 903 Videt
514 852 627 919 ridetque
637 853 778 919 Philippus,

126 936 168 997 Et,
180 936 229 986 sibi
241 936 300 986 dum
310 935 427 1001 requiem,
439 936 498 986 dum
509 936 575 986 risus
586 935 695 1001 undique
707 937 803 1002 quaerit,

80 1024 111 1070 80
127 1020 193 1069 Dum
205 1025 300 1084 septem
310 1019 388 1070 donat
399 1019 520 1080 sestertia,
532 1026 619 1069 mutua
631 1026 725 1085 septem

126 1101 263 1162 Promittit
274 1101 408 1167 persuadet
418 1101 457 1151 uti
468 1108 590 1151 mercetur
600 1104 716 1166 agelium.

126 1185 260 1234 Mereatur.
293 1184 332 1234 Ne
343 1190 368 1235 te
379 1183 460 1248 longis
472 1183 621 1247 ambagibus
632 1186 700 1235 ultra
765 1176 768 1184 ’
902 1193 956 1233 anu.
969 1193 990 1233 s.
999 1194 1019 1233 a.
1028 1194 1048 1234 t.
1056 1195 1075 1234 9.

127 1268 208 1323 Quam
219 1266 282 1316 satis
293 1273 332 1315 est
342 1282 430 1326 morer,
442 1283 473 1316 ex
483 1265 564 1316 nitido
574 1268 605 1316 fit
615 1267 724 1317 rusticus
736 1274 810 1333 atque
902 1283 939 1321 nie.
952 1281 978 1322 Ε.
987 1283 1007 1322 1.
1015 1282 1035 1322 4,
1044 1282 1076 1321 15.

127 1350 212 1400 Suluos
224 1349 533 1415 etviuetacrepatmera3
550 1351 775 1415 praepamtulmos,
901 1370 952 1410 mm,
966 1370 1006 1418 up.
1016 1370 1035 1410 2.
1045 1369 1077 1408 10.

81 1436 115 1484 st.
127 1432 273 1483 Immeritur
284 1431 373 1482 studiis
386 1439 411 1481 et
422 1448 505 1482 amore
517 1432 624 1481 senescit
634 1432 751 1482 habendi.

126 1516 219 1568 Verum
230 1515 274 1565 ubi
285 1512 343 1565 oves
354 1515 429 1574 tute,
440 1515 527 1564 morbo
537 1514 632 1580 periere
643 1516 753 1580 capellae,

127 1601 201 1665 Spem
211 1597 317 1648 mentita
328 1613 405 1662 segee,
416 1597 461 1647 bus
474 1604 512 1647 est
523 1605 623 1648 enectus
635 1597 738 1658 arendo,
901 1628 954 1658 mm,
968 1617 1091 1658 0,3,1,30,

128 1683 242 1733 Offensus
253 1681 351 1731 damnis
363 1681 445 1731 media
455 1681 486 1731 de
497 1688 568 1732 nocte
578 1682 705 1731 caballum
970 1670 1093 1717 E⁹·1⁶·4⁵·

128 1765 225 1831 Arripit
235 1765 362 1829 iratusque
373 1764 484 1829 Philippi
495 1764 577 1814 tendit
587 1764 620 1814 ad
632 1765 706 1815 aedcs.

81 1853 111 1899 90
127 1849 206 1906 Quem
217 1848 292 1898 simul
303 1847 417 1913 adspexit
428 1849 543 1897 scabrum
551 1847 725 1912 intonsumque
733 1847 876 1914 Philippus,

128 1932 219 1993 Durus,
231 1930 276 1990 ait,
286 1930 377 1990 Voltei‚
389 1929 464 1979 nimis
475 1936 635 1994 attentusque
645 1931 738 1981 uideris

127 2015 189 2065 Esse
200 2014 269 2064 mihi.
302 2014 349 2064 Pol
360 2029 399 2063 me
410 2012 536 2073 miserum,
548 2020 659 2077 patrone,
671 2030 780 2074 vocares,

129 2099 250 2157 Similes,
262 2096 351 2161 iuquit,
362 2113 449 2146 verum
458 2095 520 2145 mihi
531 2113 622 2161 ponere
634 2102 736 2147 nomen!
781 2112 784 2118 ·

128 2180 199 2237 Quod
209 2188 234 2230 te
245 2197 290 2245 per
301 2179 409 2229 Genium
419 2178 579 2243 dextrumque
590 2179 697 2244 deosque
707 2179 817 2230 Penates
903 2206 952 2246 om.
961 2204 986 2245 p,
993 2205 1012 2246 ρ,
1023 2204 1101 2252 1.144;

0 2256 1 2265 ¹
22 2292 28 2300 ·
85 2267 114 2314 95
130 2264 234 2314 Obsecro
246 2270 271 2313 et
281 2263 398 2321 obtestor,
409 2261 469 2311 vitae
480 2278 519 2311 me
530 2261 605 2311 redde
616 2262 702 2327 priori.
1018 2256 1037 2295 ²·
1048 2256 1092 2293 ¹⁸⁷·

130 2347 177 2402 Qui
188 2347 264 2396 semel
275 2344 397 2411 adspexit,
409 2350 528 2410 quantum
541 2344 647 2394 dimissa
658 2344 744 2410 petitis

129 2430 259 2488 Proestent‚
269 2435 367 2477 mature
377 2426 463 2477 redeat
474 2433 617 2492 repetatque
629 2427 723 2477 relicta.
902 2453 952 2489 mg,
964 2449 990 2489 Ε,
999 2449 1019 2487 1.
1028 2449 1047 2489 1.
1057 2449 1077 2487 8.

130 2510 213 2586 Metiri
224 2527 250 2560 se
261 2526 381 2576 quemque
392 2507 436 2560 suc
447 2509 547 2559 modulo
557 2526 586 2559 ac
596 2509 659 2575 pede
669 2526 756 2560 rerum
767 2458 838 2602 mii
903 2549 944 2578 m,
957 2538 978 2578 s,
987 2538 1007 2577 2,
1015 2537 1035 2577 3.
1044 2537 1089 2576 312.

147 2654 178 2694 u.
191 2653 316 2694 coenans.
417 2653 449 2693 se.
464 2651 536 2693 simu.
638 2639 672 2693 sel
685 2652 808 2695 evomunt.
