2475 3284
221 214 224 220 '
264 208 517 259 EPISTOLABUM
534 208 600 259 ΗΒ.
618 208 675 258 Lv.
704 198 706 201 ’
1036 214 1092 271 2⁴ss

85 343 100 388 ὅ
120 339 191 389 Inter
200 340 346 391 Minturnas
358 341 582 405 Sinuessanumque
593 340 731 390 Petrinum.

120 422 146 472 Si
158 423 248 473 melius
259 424 320 489 quid
330 424 415 485 habes,
427 440 524 473 arcesse
534 424 575 473 vel
586 423 719 488 imperium
730 425 775 472 fer.
897 437 941 467 aaa.
954 427 1006 467 (1.4.
1016 430 1047 469 12.
1057 430 1089 469 21.

120 506 138 554 J
138 522 178 555 am
189 505 283 555 dudum
295 506 410 571 splendet
420 509 489 556 focus
501 513 527 555 et
537 506 584 556 tibi
596 506 690 555 munda
701 506 827 571 supellex:
895 516 935 563 epi.
949 515 972 554 0.
982 516 1000 554 2.
1010 517 1030 555 e.
1040 517 1072 556 14.

119 589 195 639 Mitte
205 591 273 639 leves
285 607 342 655 spes
354 597 380 640 et
391 590 527 640 certamina
538 589 685 639 divitiarum
895 576 953 605 'mm'
967 566 990 606 Ο·
997 567 1016 606 3.
1023 568 1054 606 ²⁹¹
1062 568 1093 607 ¹4·

118 671 153 720 Et
163 672 260 722 Moschi
272 689 389 722 eausam:
406 689 462 722 cras
474 679 535 721 nato
546 673 645 722 Caesare
656 673 735 720 festus

70 756 101 801 10
118 752 170 803 Dat
180 754 279 805 veniam
291 771 452 819 somnumque
464 755 533 815 dies3
552 754 653 819 impune
665 753 752 803 licebit
895 762 945 810 imp.
958 761 1019 801 A.1².
1030 763 1074 802 210.

118 837 244 887 AEstivam
256 855 369 888 sermone
380 838 488 903 benigno
499 838 600 887 tendere
612 844 717 888 noctem.

118 920 172 975 Quo
183 920 246 969 mihi
257 922 391 981 fortunam,
404 921 425 970 si
438 937 488 970 non
499 920 642 971 conceditur
652 920 710 969 uti?

114 1001 210 1052 Parcus
223 1003 255 1052 ob
265 1003 363 1053 heredis
375 1020 460 1053 curam
471 1003 623 1067 nimiumque
634 1019 736 1051 severus

117 1085 221 1134 desidet
231 1085 333 1135 insano:
352 1093 438 1151 potare
450 1093 476 1135 et
487 1103 602 1151 spargere
613 1087 687 1134 flores

68 1170 99 1216 15
117 1166 240 1232 Incipiam
251 1169 380 1233 patiarque
391 1171 432 1219 vel
443 1169 597 1219 inconsultus
608 1167 703 1217 haberi.

117 1249 184 1305 Quid
194 1267 244 1299 non
256 1251 363 1301 ebrietas
376 1251 510 1316 designat?
545 1251 638 1315 Operta
650 1248 762 1308 recludit,

117 1334 178 1397 Spes
185 1332 259 1398 jubet
270 1351 323 1383 esse
334 1341 410 1394 rates,
423 1334 455 1383 ad
466 1333 555 1399 proelia
566 1333 647 1382 trudit
657 1333 779 1393 inertem3

116 1415 235 1465 Sollicitis
246 1416 337 1466 animis
349 1433 412 1466 onus
424 1416 518 1476 eximit,
530 1415 634 1465 addocet
644 1421 718 1465 artes.

115 1498 228 1569 Fecundi
237 1499 326 1549 calices
338 1516 410 1564 quem
422 1516 471 1548 non
482 1500 561 1548 fecere
572 1498 711 1546 disertum?

66 1585 98 1630 20
117 1582 249 1633 Contracta
260 1599 333 1648 quem
344 1582 431 1631 nonin
443 1587 589 1646 paupertate
601 1582 730 1631 solutum?

116 1665 177 1714 Haeo
188 1681 233 1729 ego
243 1682 375 1731 procurare
386 1672 412 1713 et
422 1665 526 1714 idoneus
537 1664 646 1729 imperor
657 1671 683 1713 et
694 1681 743 1713 non

116 1747 222 1807 invitus,
235 1765 266 1798 ne
277 1754 349 1813 turpe
360 1749 433 1808 toral,
446 1765 477 1796 ne
489 1747 589 1796 sordida
600 1763 692 1811 mappa

116 1830 236 1895 Corruget
247 1830 322 1891 naris,
336 1848 366 1880 ne
378 1848 427 1880 non
440 1837 465 1879 et
475 1830 608 1880 cantharus
620 1836 646 1878 et
657 1830 717 1880 lanx

115 1913 237 1962 Ostendat
248 1913 295 1962 tibi
307 1919 340 1973 te,
353 1931 384 1962 no
394 1914 458 1963 fidos
469 1913 535 1962 inter
546 1912 638 1962 amieos

64 1999 96 2044 25
115 1987 154 2045 Sit
165 1996 206 2061 qui
218 1996 284 2046 dicta
296 1998 364 2046 foras
376 1996 494 2056 eliminet,
507 2002 536 2045 ut
546 2000 616 2045 coeat
628 2011 674 2058 par

1 2145 2 2148 Ἰ
115 2080 287 2144 Jungaturque
299 2079 362 2144 pari.
396 2080 501 2129 Butram
512 2078 559 2127 tibi
572 2077 761 2142 Septiciumque,
842 2067 846 2072 ⁴

1 2155 3 2264 y
114 2163 149 2212 Et
160 2158 209 2212 nisi
221 2180 281 2212 cena
292 2163 361 2228 prior
372 2162 499 2227 potiorque
510 2162 594 2226 puella
606 2159 726 2209 Sabinum

113 2245 223 2305 Detinet,
236 2262 362 2294 assumam
372 2262 378 2304 ;
396 2246 463 2294 loeus
475 2251 513 2293 est
525 2250 550 2292 et
560 2243 674 2308 pluribus
686 2241 794 2290 umbris:

112 2328 162 2377 Sed
172 2328 248 2377 nimis
259 2335 315 2377 arta
325 2333 441 2393 premunt
452 2327 523 2376 olidee
534 2326 648 2376 convivia
659 2341 746 2389 caprae.

2 2449 4 2480 ,
63 2415 94 2459 30
112 2412 159 2466 Tu,
170 2417 261 2475 quotus
273 2428 327 2460 esse
338 2410 409 2468 velis,
421 2410 535 2469 rescribe,
549 2416 574 2458 et
584 2410 658 2458 rebus
670 2407 768 2458 omissis

111 2493 186 2543 Atria
197 2501 338 2544 sementem
349 2493 443 2559 postico
454 2493 514 2541 falle
525 2492 647 2542 clientem.

909 1020 927 1059 3.
940 1009 964 1050 0.
974 1011 993 1050 3.
1003 1012 1034 1049 16.
1045 1012 1076 1051 98.

941 1061 962 1099 S.
972 1063 991 1100 2.
1000 1062 1020 1100 3.
1030 1063 1074 1101 151,

906 1121 927 1161 4.
940 1111 964 1150 C.
974 1112 993 1150 3.
1003 1113 1035 1151 19.
1044 1113 1076 1151 m.

896 1020 904 1048 1

895 1121 903 1149 l

167 2632 186 2671 6.
200 2630 243 2671 sin.
370 2630 401 2670 17.
415 2628 525 2670 inermem.
651 2628 684 2669 23.
693 2638 763 2669 neres.

456 2712 474 2746 B
