2475 3284
340 229 411 281 AB&
429 230 585 281 POETICA.

78 363 80 368 ’
131 363 184 413 Nec
195 362 254 412 deus
267 362 373 423 intersit,
386 362 435 413 nisi
447 363 538 427 dignus
548 362 646 412 vindice
658 362 737 412 nodus

133 446 266 506 Inciderit3
285 463 328 496 nec
339 453 429 511 quarta
439 447 507 511 loqui
518 463 625 512 persona
635 447 739 495 laboret.

131 528 230 578 Actoris
242 535 326 593 partes
337 529 425 578 chorus
437 528 591 593 officiumque
601 528 675 577 virile

132 612 265 669 Defendet,
278 601 326 662 neu
337 612 397 676 quid
408 612 502 661 medios
513 612 648 661 intercinat
659 618 737 671 actus,

64 698 112 744 195
133 694 206 751 Quod
217 712 266 745 non
277 695 405 760 proposito
416 695 537 745 conducat
548 702 573 744 et
583 694 677 744 haereat
688 701 753 759 apte.

132 778 182 827 Ille
193 777 265 827 bonis
276 779 406 843 faveatque
418 784 444 827 et
454 778 599 828 consilietur
609 777 694 837 amice,

133 860 169 909 Et
179 866 249 924 regat
260 859 337 909 iratos
349 866 374 909 et
385 867 452 910 amet
461 877 550 925 pacare
561 867 700 920 tumentes;

133 943 182 991 Ille
193 942 269 1007 dapes
281 942 366 991 laudet
376 959 468 992 mensae
478 943 569 1003 brevis,
581 943 625 991 ille
637 943 762 992 salubrem
890 958 932 997 ore.
946 956 971 996 Ε.
981 956 1000 995 1.
1008 956 1039 993 14.
1049 954 1080 992 35.

133 1024 151 1073 J
151 1024 265 1074 ustitiam
276 1025 390 1089 legesque
402 1031 427 1074 et
434 1025 531 1090 apertis
543 1025 594 1074 otia
604 1025 699 1089 portis.;

64 1111 114 1157 200
133 1108 183 1157 Ille
194 1115 264 1172 tegat
274 1108 406 1158 commissa
416 1109 523 1172 deosque
533 1115 647 1173 precetur
659 1115 685 1157 et
695 1115 755 1166 oret,

133 1190 172 1239 Ut
182 1190 267 1240 redeat
277 1191 383 1251 miseris,
395 1192 470 1240 abeat
480 1192 581 1240 fortuna
593 1191 714 1255 superbis.
729 1173 735 1184 ⁴

116 1316 118 1319 .
133 1273 209 1323 Tibia
220 1291 277 1333 non,
289 1280 318 1323 ut
329 1290 401 1333 nunc,
413 1274 536 1323 orichalco
547 1274 632 1324 vincta
642 1276 757 1338 tubaeque

132 1349 244 1416 AEmula,
257 1356 301 1405 sed
311 1356 394 1406 tenuis
405 1357 558 1422 simplexque
569 1358 691 1407 foramine
702 1374 779 1422 pauco

132 1439 270 1504 Adspirare
282 1446 307 1490 et
318 1440 404 1490 adesse
415 1440 496 1490 choris
508 1448 563 1489 erat
572 1440 644 1491 utilis
656 1447 729 1504 atque

67 1527 114 1574 205
133 1523 253 1572 Nondum
264 1524 346 1588 spissa
357 1523 433 1573 nimis
444 1524 565 1588 complere
577 1523 666 1572 sedilia
677 1525 739 1571 flatu
749 1542 754 1581 ;

133 1607 190 1663 Quo
202 1615 261 1656 sene
271 1607 378 1671 populns
390 1589 557 1655 numerabilis
563 1612 649 1671 utpote
660 1622 752 1671 porrus

133 1690 171 1739 Et
181 1688 247 1753 frugi
259 1696 390 1753 castusque
401 1688 601 1753 verecundusque
613 1690 703 1737 coibat.

133 1772 271 1835 Postquam
281 1771 356 1836 coepit
366 1787 439 1835 agros
451 1771 582 1841 extendere
595 1771 675 1820 victor
686 1777 712 1820 et
721 1771 796 1820 urbes

133 1854 223 1904 Latior
233 1854 349 1919 amplecti
361 1871 447 1903 murus
458 1854 564 1918 vinoque
575 1854 665 1903 diurno

68 1943 116 1988 210
133 1937 235 1987 Placari
246 1937 341 1987 Genius
352 1936 424 1986 festis
437 1936 536 2002 impune
547 1937 643 1998 diebus,

134 2020 249 2070 Accessit
260 2020 415 2084 numerisque
426 2020 552 2085 modisque
563 2019 665 2076 licentia
675 2017 769 2084 major3

135 2103 256 2175 Indoctus
267 2102 327 2167 quid
338 2102 405 2151 enim
416 2109 515 2174 saperet
525 2102 636 2173 liberque
647 2103 760 2152 laborum
895 2116 930 2155 nc.
943 2114 1037 2154 c.3.17.
1048 2115 1077 2151 16.

135 2185 255 2235 Rusticus
266 2185 362 2234 mbano
373 2186 498 2244 confusus,
510 2185 591 2250 turpis
602 2185 727 2235 honesto?

136 2268 179 2318 Sic
190 2269 276 2334 priscae
288 2275 428 2332 motumque
440 2274 466 2317 et
476 2268 599 2317 luxuriem
610 2267 708 2317 addidit
718 2268 767 2317 arti

71 2356 118 2402 215
137 2351 241 2417 Tibicen
252 2351 377 2415 traxitque
387 2367 465 2414 vagus
477 2368 521 2416 per
531 2349 630 2415 pulpita
640 2357 749 2410 vestem;

109 2453 113 2464 ·
137 2433 180 2483 Sic
192 2433 267 2483 etiam
277 2434 369 2483 fidibus
380 2450 451 2483 voces
463 2450 560 2483 crevere
568 2430 672 2493 severis,

137 2517 175 2567 Et
184 2517 245 2566 tulit
255 2517 378 2582 eloquium
389 2516 517 2566 insolitum
528 2516 645 2565 facundia
655 2532 772 2581 princeps,

138 2599 296 2664 Utiliumque
307 2616 384 2664 sagax
394 2617 477 2649 rerum
488 2607 513 2649 et
523 2598 610 2648 divina
620 2599 699 2647 futuri

139 2681 271 2745 Sortilegis
283 2699 332 2731 non
343 2682 480 2748 discrepuit
491 2680 615 2748 sententia
625 2680 739 2745 Delphis.

183 2813 228 2854 196.
242 2813 324 2853 amicis.
500 2813 545 2853 197.
557 2822 646 2861 peccare
653 2811 762 2852 timentes.
