2475 3284
270 208 479 259 uATfflARUM
494 208 560 259 LIB.
582 208 617 262 ΙΙ.
635 208 688 260 viii.

128 338 236 390 Ridetur
246 340 311 390 fictis
322 357 405 390 rerum
416 341 551 391 Balatrone
562 341 677 402 seeundo,

128 421 273 482 Nasidiene‚
285 422 351 472 redis
362 430 464 473 mutatae
475 423 574 484 frontis,
585 431 615 473 ut
626 431 680 474 arte

82 507 112 554 85
127 503 313 555 Emendatuuus
324 506 465 565 fortunam
482 505 571 556 deinde
583 506 660 556 secuti

129 588 277 638 Mazonomo
287 587 358 653 pueri
369 604 459 651 magno
470 587 594 653 diaeerpta
605 590 713 638 ferentes
771 597 773 600 ’

39 697 42 701 ⁴
130 672 246 722 Membra
256 672 325 737 gruis
337 671 418 736 sparsi
430 673 482 721 sale
492 673 580 731 multo,
591 690 642 722 nou
653 673 707 722 sine
718 674 792 733 farra,

129 754 270 819 Pinguibus
282 761 308 804 et
317 755 371 804 ficis
381 761 482 820 pastum
488 753 560 820 jecur
570 755 666 805 anseris
678 756 749 816 albae,

129 837 166 887 Et
175 839 287 903 leporum
298 840 403 899 avolsos,
415 845 445 888 ut
454 840 533 888 multo
545 838 653 899 suavius,
665 855 747 889 armos
904 855 936 904 09.
950 853 970 893 s.
980 854 1000 893 2.
1009 854 1029 893 4.
1038 853 1070 892 44.

81 925 113 971 90
131 921 213 976 Quam
224 922 247 971 si
258 939 314 972 cum
324 922 417 972 lumbis
427 922 483 986 quis
494 922 553 972 edit.
588 923 652 972 Tum
662 929 760 987 pectore
771 923 860 973 aduste
903 941 944 982 aii.
958 940 997 989 Ep,
1007 941 1026 980 3,
1036 940 1056 979 3.

130 1003 246 1053 Vidimus
258 1011 284 1054 et
293 1006 402 1055 merulas
412 1004 472 1070 poni
484 1010 510 1054 et
520 1005 573 1055 sine
584 1005 656 1055 clune
666 1007 804 1070 palumbes,

130 1087 221 1136 Suavis
231 1104 279 1147 res,
291 1087 313 1136 si
324 1105 374 1137 nou
385 1104 473 1137 causas
485 1094 599 1137 neiuaret
609 1104 694 1139 earum
706 1096 732 1138 et

129 1170 242 1220 Naturae
253 1170 376 1231 dominus,
387 1187 460 1235 quem
471 1186 516 1219 nos
528 1169 563 1220 sie
574 1170 685 1234 fugimus
696 1171 752 1232 ulti,

130 1253 168 1303 Ut
179 1252 244 1302 nihil
255 1252 355 1302 omnino
365 1259 528 1317 gustaremus,
540 1254 611 1302 velut
622 1253 674 1303 illis

78 1339 111 1386 95
130 1334 237 1387 Canidia
249 1335 358 1386 afflasset
367 1333 436 1401 pejor
447 1334 603 1400 serpentibus
614 1335 692 1387 Afris.
905 1349 955 1398 Asr.
969 1345 1103 1386 c.3.10.18.

208 1470 241 1511 88.
254 1468 305 1511 albi.
412 1470 445 1511 92.
458 1479 541 1514 sueves.
642 1471 675 1512 9⁵.
687 1470 748 1511 atris.
