2475 3284
281 238 490 289 summu
506 241 572 290 ΗΒ.
593 240 666 291 tvi.
1042 243 1103 304 181

146 370 255 431 Exirsm,
267 371 351 436 plures
363 372 461 422 calones
473 379 547 438 atque
557 374 649 424 caballi
904 380 944 420 cat
958 379 983 420 11.
994 381 1095 423 1.14.42.

145 453 275 514 Pascendi,
287 454 399 504 ducenda
410 456 538 519 petorrita.
572 457 645 507 Nunc
656 455 717 506 mihi
729 461 798 506 curta
902 458 943 504 Μ·
957 456 982 496 Ε·
991 456 1011 496 ²·
1022 459 1041 497 1.
1051 459 1094 497 192.

80 538 128 585 105
145 536 186 586 Ire
197 536 256 585 licet
266 528 334 586 aiulo
345 537 386 585 vel
398 537 419 586 si
431 537 494 586 libet
504 555 581 603 usque
593 540 736 600 Tarentum,

144 619 258 668 Mantica
269 618 309 668 cui
320 619 418 669 lumbos
430 637 503 669 onere
514 622 608 671 ulceret
618 629 691 686 atque
700 638 774 687 eques
782 636 879 680 armss3

145 700 244 751 Obiciat
254 717 326 751 nemo
337 701 421 751 sordes
432 702 503 761 mihi,
515 720 577 768 quas
588 704 644 763 tibi,
656 705 725 765 Tilli,

146 783 208 833 Cum
219 782 324 832 Tiburts
334 783 377 833 via
389 790 519 848 praetorem
531 786 638 850 quinque
651 794 787 852 sequuntur

144 865 180 914 Ta
190 864 269 930 puori,
280 865 396 915 lasanum
406 873 534 931 portantes
545 869 761 934 oenophommqus,

78 951 128 997 110
145 947 200 996 Hoc
211 964 256 1011 ego
267 947 418 1013 eommudius
429 966 504 1013 quam
515 956 551 1010 tu,
562 952 680 1015 praeclare
691 958 798 1011 senatur,

143 1030 250 1079 Milibus
262 1037 336 1094 atquo
347 1030 405 1080 aliis
416 1031 482 1082 vivo.
517 1034 675 1098 Quacumque
687 1034 766 1099 libido
777 1040 823 1095 est,

143 1112 235 1162 Incede
247 1115 322 1173 solus,
334 1121 465 1179 pumuntur
475 1117 562 1180 quanti
574 1118 630 1166 olus
641 1112 672 1167 aa
681 1119 734 1177 fan

143 1195 270 1245 Fallaaem
282 1196 381 1246 Circum
391 1198 607 1264 vespertinumque
618 1217 718 1264 pererro

142 1279 212 1343 Saepe
223 1280 312 1338 forum,
325 1279 417 1329 assisto
427 1279 529 1341 divinis,
541 1280 599 1331 inde
610 1282 711 1332 domum
721 1299 761 1333 me

77 1364 125 1410 115
142 1362 182 1411 Ad
193 1361 261 1427 porri
273 1367 299 1411 et
309 1360 395 1411 ciceris
406 1364 487 1413 refero
497 1364 630 1429 laganique
641 1365 751 1415 catinum
760 1383 766 1425 ;

143 1444 209 1493 Cena
220 1443 379 1493 ministratur
390 1444 473 1509 pueris
484 1445 573 1506 tribus,
586 1454 611 1496 et
621 1447 687 1512 lapis
698 1449 771 1498 albus

142 1527 234 1577 Pocula
245 1544 301 1577 cum
313 1528 402 1592 cyatho
413 1528 462 1577 duo
474 1530 588 1597 sustinet,
598 1531 683 1580 adstat
694 1531 795 1582 echinus
901 1560 944 1598 eya,
958 1549 981 1590 c,
991 1551 1010 1590 a.
1019 1551 1038 1590 s.
1049 1551 1081 1591 lt.

140 1609 213 1670 Vilis,
226 1627 282 1659 cum
293 1616 381 1675 patera
392 1617 485 1674 guttus,
499 1612 626 1677 Campana
638 1616 756 1679 supellex.

117 1698 120 1702 '
141 1693 236 1743 Deinde
249 1711 277 1742 eo
288 1692 424 1744 dormitum
436 1712 485 1744 non
497 1696 627 1756 sollicitus,
638 1697 701 1746 mihi
712 1699 777 1762 quod
788 1716 842 1749 cras

75 1780 123 1827 120
140 1776 296 1841 Surgsndum
308 1777 433 1837 sitiriano,
445 1778 572 1828 obeundus
583 1781 693 1846 Marsya,
705 1782 786 1845 quise

140 1859 242 1909 Vultum
254 1862 319 1909 fsrrs
331 1866 406 1924 negat
416 1861 553 1911 Noviorum
563 1880 636 1928 posse
647 1864 758 1913 minoris.

139 1943 180 1993 Ad
189 1950 305 2009 quartam
313 1940 385 2009 jaceo
394 1963 400 2003 ;
417 1950 475 2008 post
485 1944 549 1995 hanc
559 1962 650 2009 ragom
667 1953 712 1995 aut
723 1963 767 2011 ego
778 1947 841 1997 lecta

139 2028 191 2075 Aut
202 2026 296 2091 scriptu
307 2026 373 2091 quod
383 2044 422 2076 ms
433 2027 537 2076 tacitum
544 2025 625 2093 juvet,
636 2045 716 2093 ungor
726 2030 800 2089 olivo,

139 2110 195 2158 Non
207 2126 256 2174 quo
268 2108 392 2158 fraudatis
403 2109 546 2159 immundus
557 2112 637 2160 Natta
647 2112 763 2164 luuemis.

74 2195 120 2242 125
137 2194 186 2241 Ast
196 2191 241 2241 ubi
252 2209 292 2241 me
303 2193 397 2241 fessum
409 2193 447 2242 sol
458 2192 538 2243 serior
548 2193 584 2242 irs
595 2194 708 2243 lavatum
869 2258 871 2263 Ι

138 2274 283 2335 Admonuit,
294 2275 363 2339 fugio
376 2275 496 2347 Campum
507 2277 637 2340 lusumque
648 2277 778 2341 trigonam.
899 2293 955 2334 cam.
969 2293 990 2334 S.
997 2295 1016 2334 t.
1023 2295 1042 2334 3.
1051 2293 1095 2333 144.

137 2357 249 2406 Pransus
260 2374 310 2407 non
321 2357 401 2417 avide,
413 2365 534 2423 quantum
544 2359 688 2424 interpellet
698 2360 768 2410 inani

137 2441 231 2490 Ventrs
242 2440 309 2491 diem
320 2441 417 2501 durare,
429 2442 578 2492 domesticus
590 2443 661 2492 otior.
695 2445 756 2494 Haee
767 2453 806 2495 sst

81 2519 85 2526 ’
138 2524 198 2574 Vita
209 2526 347 2574 soluturum
358 2525 448 2575 misera
459 2525 595 2575 ambitione
606 2527 739 2592 graviqu03

75 2612 120 2659 130
137 2609 186 2658 His
197 2625 237 2659 ms
249 2610 362 2659 consolor
372 2610 495 2659 victurum
508 2609 609 2660 suavius
620 2628 650 2660 ac
661 2611 682 2660 si

137 2690 252 2746 Quaestor
263 2706 324 2742 avus
336 2697 408 2756 pater
418 2697 492 2755 atqua
503 2708 572 2740 maus
583 2698 735 2757 patruusque
746 2692 843 2746 fuisset.

123 2797 166 2837 107.
178 2797 274 2848 objiciet.
348 2798 392 2838 108.
405 2798 514 2846 assuuntur,
523 2798 542 2838 b.
550 2809 567 2838 ο.
644 2799 689 2840 111.
703 2800 713 2840 2
726 2800 820 2843 libidost

298 2862 343 2903 1³1.
354 2860 454 2911 fussent,
461 2861 501 2911 (cp.
510 2860 534 2902 0.
544 2863 563 2903 1.
572 2862 605 2903 24.
613 2863 644 2911 8.)
