2475 3284
268 245 560 296 carmonensis.
578 246 612 295 n.
631 244 668 295 iii.
1029 251 1088 309 ⁴209

133 378 215 429 Filius
226 378 315 444 AEsopi
325 378 462 428 detractam
473 396 504 428 ex
514 395 573 428 aure
584 379 701 439 Metellae,

68 464 116 513 240
134 462 234 512 Scilicet
244 468 272 511 ut
283 461 363 511 decies
375 462 481 511 solidum
492 462 643 520 obsorberet,
655 467 724 511 aceto
891 469 931 510 obs.
946 470 966 509 s.
976 471 995 510 2.
1006 471 1024 510 8.
1034 472 1066 510 24.

134 545 218 594 Diluit
229 544 352 609 insignem
362 546 464 594 bacam:
482 544 525 609 qui
536 544 621 593 sanior
632 544 693 594 acsi

134 627 204 677 Illud
214 627 280 676 idem
291 627 318 676 in
329 627 444 692 rapidum
455 628 546 676 flumen
554 624 679 691 jaceretve
689 627 818 675 oloaoam?

134 709 223 766 Quinti
235 710 364 775 progenies
375 710 442 770 Arri,
453 727 500 775 par
510 710 593 760 nobile
604 710 718 769 fratrum,
891 720 943 759 Arr.
958 730 975 760 c.
985 722 1017 760 aa.

135 793 254 858 Nequitia
264 801 290 843 ot
300 792 381 858 nugis,
392 809 526 858 pravorum
536 798 562 843 et
572 809 656 843 amore
666 793 807 857 gemellum,

69 880 117 927 245
129 876 266 926 Luscinias
279 876 346 927 soliti
358 876 470 941 impenso
481 875 602 941 prandere
610 880 745 941 coemptas,

135 959 260 1015 Quorsum
271 960 383 1009 abeant?
416 958 493 1008 Sanin
505 966 572 1009 oreta
583 975 615 1007 an
627 959 733 1008 carbone
744 958 867 1009 notandi?
890 978 931 1008 ονε.
945 967 968 1007 C.
979 970 997 1008 l.
1007 970 1038 1008 36.
1049 970 1080 1008 10.

135 1041 270 1091 AEdificare
281 1058 359 1101 meas,
371 1042 488 1106 plostello
499 1040 634 1107 adjungere
644 1058 734 1099 mures,

134 1124 231 1174 Ludere
242 1141 289 1190 par
299 1124 388 1189 impar,
401 1124 511 1188 equitare
523 1124 550 1173 in
561 1124 682 1173 arundine
693 1126 769 1189 longa

135 1208 161 1256 Si
173 1225 246 1272 quem
256 1208 363 1258 delectet
372 1208 512 1268 barbatum,
524 1208 634 1257 amentia
644 1215 734 1258 verset

69 1291 117 1340 250
135 1290 161 1339 Si
173 1290 294 1355 puerilius
304 1290 344 1340 his
355 1289 420 1339 ratio
431 1306 485 1339 esso
496 1290 593 1340 evincet
603 1307 694 1341 amare.

135 1373 187 1423 Neo
197 1373 328 1438 quicquam
338 1372 446 1433 differre,
458 1379 574 1422 utrumne
585 1372 611 1422 in
623 1373 732 1438 pulvere,
743 1373 833 1422 trimus
855 1391 857 1395 ·

135 1456 214 1511 Quale
225 1456 303 1521 prius,
315 1455 387 1505 ludas
399 1472 468 1521 opus,
480 1472 513 1505 an
524 1455 662 1505 meretricis
674 1472 757 1505 amore

136 1537 261 1588 Sollicitus
272 1540 354 1604 plores
364 1557 370 1599 3
387 1554 477 1603 quaro,
489 1538 598 1588 faciasne
609 1538 676 1603 quod
685 1538 745 1589 olim

135 1622 249 1672 Mutatus
259 1623 399 1673 Polemon?
416 1638 494 1687 ponas
505 1621 615 1686 insignia
626 1622 715 1682 morbi,
892 1653 944 1681 ,mm
958 1642 983 1680 Ε,
993 1643 1012 1681 1.
1023 1643 1041 1681 1,
1051 1644 1083 1681 35,

69 1708 117 1755 255
134 1705 268 1766 Fascioles,
280 1706 382 1766 cubital,
394 1706 490 1765 focalia,
502 1711 575 1770 potus
586 1706 669 1755 utillo
891 1722 934 1761 coo.
948 1722 969 1762 S.
980 1724 999 1761 r.
1008 1723 1027 1761 4.
1038 1723 1069 1759 uo.

136 1787 233 1839 Dicitur
244 1806 275 1838 ex
285 1789 349 1839 collo
359 1789 447 1838 furtim
457 1788 579 1853 carpsisse
590 1804 700 1848 ooronas,

134 1871 270 1936 Postquam
281 1879 319 1922 est
330 1871 450 1937 impransi
462 1879 587 1936 correptus
598 1888 657 1921 voco
667 1871 801 1935 magistri?
892 1889 942 1936 erp.
955 1887 975 1924 S.
987 1888 1005 1926 2.
1015 1888 1034 1926 2.
1045 1888 1063 1926 7.

134 1954 245 2020 Pori-igis
256 1955 322 2005 irato
333 1972 410 2020 puero
420 1972 475 2005 oum
486 1971 567 2020 poma,
578 1961 691 2004 recusat:

134 2039 215 2099 Sume,
228 2040 331 2099 catelle;
349 2044 437 2102 negat:
456 2037 601 2097 sinendos,
614 2043 698 2102 optet:
716 2043 813 2087 amator

71 2124 117 2171 260
134 2122 256 2172 Exclusus
268 2122 310 2186 qui
321 2121 407 2181 distat,
419 2121 472 2186 agit
482 2120 525 2170 ubi
537 2137 627 2181 secum,
639 2126 681 2170 eat
690 2136 723 2170 an
735 2137 792 2180 non,

134 2205 189 2260 Quo
199 2204 324 2254 rediturus
336 2211 391 2255 erat
401 2222 450 2254 non
461 2203 601 2263 arcessitus,
613 2210 639 2253 et
649 2204 728 2253 haeret

135 2287 228 2337 Invisis
240 2288 354 2338 foribus?
387 2289 440 2338 Nec
451 2305 523 2348 nunc,
535 2304 590 2337 cum
601 2304 641 2336 me
652 2293 724 2338 vocat
735 2287 809 2346 ultro,

134 2370 276 2421 Accedam?
292 2388 324 2421 an
336 2370 419 2436 potius
429 2371 535 2420 mediter
545 2371 616 2421 finire
628 2370 745 2420 dolores?

135 2452 262 2513 Exclusit3
278 2461 391 2503 revocat:
406 2453 525 2504 redeam?
552 2453 617 2513 Non,
626 2454 647 2502 si
656 2455 773 2503 obsecret.
802 2452 864 2501 Ecce

71 2538 118 2587 265
135 2537 225 2586 Servus
237 2553 286 2586 non
297 2524 372 2602 paulo
383 2537 532 2603 sapientior:
550 2537 571 2586 Ο
583 2553 633 2595 ere,
644 2552 698 2601 quae
709 2553 749 2585 res

134 2620 186 2669 Nec
197 2620 297 2670 modum
307 2620 385 2670 habet
395 2637 472 2686 neque
483 2619 621 2679 consilium,
630 2619 726 2669 ratione
737 2618 856 2684 modoque

120 2754 163 2793 240.
175 2754 305 2794 exsorberet.
356 2755 400 2795 246.
413 2754 460 2794 sani
468 2755 500 2793 ut.
552 2754 596 2793 248.
609 2752 737 2802 harundine,
746 2752 814 2792 Har.

219 2819 264 2858 254.
277 2817 370 2858 Polemo.
422 2818 548 2866 aceeptus.
599 2816 715 2858 waltere.
802 2855 804 2860 ,

458 2896 475 2930 Ρ
