2475 3284
327 211 397 262 Ales
416 211 572 263 POETIOA.

23 345 24 404 1
46 346 95 391 420
114 344 292 393 Assentatores
299 342 373 409 jubet
383 344 416 394 ad
425 346 522 395 lucrum
532 345 568 395 ire
580 350 655 410 po'eta

114 426 194 475 Dives
206 427 281 490 agris,
293 426 363 476 dives
374 428 464 493 positis
476 428 503 476 in
514 429 599 477 fenore
610 428 727 480 nummis.

115 508 144 558 Si
155 525 214 558 vero
226 516 271 568 est,
284 516 386 559 unctum
397 510 439 574 qui
451 517 517 560 reete
528 527 619 575 ponere
631 511 712 575 possit

23 633 24 636 ,
114 591 151 640 Et
163 590 283 656 spondere
295 593 345 642 levi
356 609 402 657 pro
413 609 521 657 paupere
533 599 558 642 et
570 593 665 658 eripere
677 593 740 642 atris

114 674 215 723 Litibus
227 674 386 739 implicitum,
397 674 514 733 mirabor,
527 674 549 724 ei
561 675 624 725 seiet
634 675 711 724 inter·
877 692 926 730 mir.
939 691 964 731 Ε.
974 692 993 731 1.
1001 693 1033 731 17.
1042 693 1075 732 26.

47 759 95 806 425
114 758 222 806 Nascere
234 757 376 810 mendaeem
386 774 520 821 venumque
532 759 620 807 beatus
632 759 747 810 amicum.

23 861 24 890 i
115 840 155 889 Tu
167 856 211 890 seu
222 839 323 889 donaris
335 857 379 890 seu
389 839 450 904 quid
460 840 553 890 donare
565 842 634 891 voles
645 842 693 901 cui,

115 922 203 972 Nolito
214 922 247 972 ad
256 939 344 974 versus
355 923 403 973 tibi
415 924 494 976 feetos
505 922 593 973 ducere
603 925 704 988 plenum

114 1005 236 1066 Laetitiae;
254 1007 374 1056 clamabit
383 1006 450 1055 enim
461 1006 581 1056 Pulchre!
600 1008 676 1056 bene!
694 1012 774 1056 reete!

113 1089 239 1139 Pelleseet
250 1106 324 1153 super
334 1088 383 1147 his,
395 1089 471 1139 etiem
483 1088 593 1140 stillabit
603 1089 691 1139 amieis
774 1079 783 1086 ’

46 1175 95 1222 430
114 1171 156 1220 Ex
167 1172 244 1221 oeulis
255 1187 344 1230 rerem,
357 1170 438 1231 saliet,
451 1171 540 1220 tundet
550 1171 612 1237 pede
623 1179 731 1222 terram:

115 1254 160 1312 Ut,
172 1254 215 1318 qui
226 1253 338 1303 eondueti
349 1255 451 1318 plorant
461 1254 488 1303 in
499 1255 594 1315 funere,
605 1255 693 1304 dieunt
902 1317 905 1326 p

114 1337 151 1386 Et
160 1336 256 1386 faciunt
266 1354 342 1402 prope
352 1338 426 1401 plura
436 1336 579 1387 dolentibus
590 1354 622 1387 ex
632 1339 723 1397 animo,
736 1338 771 1388 sie
891 1329 973 1412 'RN

116 1420 219 1470 Derisor
231 1438 287 1470 vero
297 1421 354 1486 plus
366 1420 495 1470 laudatore
506 1428 626 1476 movetur.
873 1430 918 1469 der.
931 1440 950 1468 e.
959 1430 1005 1469 45⁶2.

115 1502 196 1567 Reges
207 1503 323 1553 dicuntur
333 1503 421 1553 multis
432 1519 519 1566 urgere
530 1503 631 1552 eulullis
873 1532 913 1571 mg·
926 1481 1072 1570 0h1³3¹1⁸1¹1¹

47 1589 96 1636 435
115 1586 151 1634 Et
161 1592 274 1650 torquere
285 1598 444 1649 mero‚·quem
456 1585 611 1649 perspexisse
623 1586 747 1647 laborent,
873 1596 912 1633 ter.
926 1593 1063 1633 1661668,

23 1691 25 1740 Ι
114 1671 156 1717 Α6
168 1668 203 1717 sit
213 1653 325 1718 amicitia
335 1668 439 1731 dignus:
457 1668 479 1716 si
491 1667 602 1718 earmina
612 1668 710 1727 condes,

23 1743 25 1792 ῗ
115 1752 256 1815 Numquam
267 1757 292 1799 te
303 1751 395 1800 fallant
406 1749 484 1799 animi
496 1751 542 1799 sub
553 1751 626 1814 volpe
637 1752 752 1802 latentes.
764 1785 768 1790 -

23 1837 24 1844 ’
116 1834 239 1891 Quintilio
251 1834 344 1898 siquid
354 1833 478 1892 recitares,
491 1833 591 1897 Corrige
603 1834 675 1883 sodes
772 1897 775 1900 Δ
818 1875 822 1878 .
875 1847 912 1893 Qu.
922 1848 945 1887 c.
955 1849 1072 1888 6186664.

115 1919 177 1977 Hoc,
189 1916 280 1977 aiebat,
292 1922 318 1967 et
328 1918 388 1976 hoe;
405 1916 494 1966 melius
506 1924 531 1966 te
542 1933 615 1981 posse
627 1921 738 1982 negares
872 1900 916 1938 Μ·
929 1899 1053 1939 1⁴1.1.1.e·.·,

47 2007 96 2053 440
114 2002 159 2051 Bis
170 2008 256 2065 terque
267 2007 396 2065 expertum
407 2001 508 2059 1666166,
520 1999 601 2049 (161666
609 1998 716 2064 jubebat

114 2086 150 2135 Et
160 2085 225 2134 mele
236 2090 348 2134 tornatos
360 2082 444 2133 ineudi
455 2082 557 2132 reddere
568 2099 664 2131 versus.

114 2168 141 2217 Si
153 2167 284 2217 defendere
295 2166 413 2216 delictum
424 2183 500 2230 quarn
509 2172 605 2215 vertere
616 2167 714 2225 malles,

114 2253 221 2300 Nullum
230 2252 297 2300 ultra
307 2250 411 2300 verbum
422 2257 467 2299 eut
478 2266 578 2314 operum
589 2250 731 2299 insumebat
740 2250 846 2311 inanem,

114 2333 182 2390 Quin
194 2334 248 2384 sine
259 2333 334 2383 rivali
347 2340 419 2396 teque
430 2338 456 2381 et
467 2338 511 2381 tue
523 2333 590 2384 solus
602 2349 707 2381 emeres.
872 2363 918 2403 444,
931 2353 985 2394 E.‘.>.
996 2355 1070 2393 2108.
1125 2319 1126 2324 ¹

46 2422 94 2469 445
113 2419 161 2467 Vir
172 2419 252 2466 bonus
264 2423 289 2466 et
300 2415 408 2481 prudens
419 2430 505 2463 versus
517 2413 682 2478 reprehendet
690 2413 792 2476 inertes,

113 2501 234 2565 Culpabit
245 2499 327 2556 duros,
340 2496 474 2562 incomptis
486 2497 575 2546 allinet
587 2504 671 2546 atrum

113 2585 266 2633 Transverso
277 2584 372 2632 calamo
384 2582 488 2644 signum,
502 2580 634 2630 ambitiosa
644 2580 737 2630 recidet
872 2613 912 2644 m,
926 2603 947 2643 S.
958 2604 977 2643 1,
987 2603 1019 2643 10,
1029 2602 1061 2642 69.

114 2668 275 2725 Ornamenta‚
287 2681 376 2730 parum
388 2663 462 2713 elaris
474 2664 554 2714 lucem
565 2662 624 2712 dere
636 2668 714 2725 coget,

110 2810 158 2849 422.
172 2809 269 2849 lverest.
328 2809 374 2847 435.
386 2807 491 2849 laborent.
550 2806 595 2845 437.
608 2804 686 2843 fallent
693 2815 700 2854 ;
713 2804 808 2846 latentis.

226 2872 272 2912 438.
286 2870 410 2919 Quinctilio.
516 2870 562 2909 447.
575 2870 679 2909 treverae.
