2475 3284
156 1589 206 1629 Can.
220 1589 243 1630 0.
254 1592 272 1631 2.
282 1592 302 1632 6.
311 1594 331 1632 2.

250 1643 270 1681 8.
279 1643 298 1683 8.
307 1644 340 1683 22.

153 1690 204 1731 Par.
217 1691 242 1732 Ε.
251 1693 269 1732 1.
278 1694 309 1732 12.
319 1695 351 1734 26.

214 1741 241 1782 G.
249 1744 269 1782 4.
279 1745 311 1784 lo.
320 1745 341 1786 6.

151 1925 348 1967 reinmarus.

151 2018 201 2056 nuo.
215 2008 236 2049 S.
246 2010 292 2051 2.1.
301 2011 333 2052 73.

619 214 648 274 Q.
669 213 808 265 HORATI
824 215 950 266 russel

384 349 443 409 Nec,
455 364 510 397 cum
520 346 607 397 venari
617 347 686 396 volet
697 346 747 407 ille,
759 352 874 412 poemata
885 332 1002 441 panges]

383 430 473 480 Gratia
485 430 520 479 sic
531 431 638 479 fratrum
648 430 810 494 geminorum,
822 432 969 496 Amphionis
980 439 1055 497 atque

383 513 464 573 Zethi,
475 512 593 573 dissiluit,
605 512 683 562 donec
694 520 808 578 suspecta
819 530 905 564 severo

384 595 509 646 Conticuit
519 597 581 660 lyra.
614 595 744 644 Fraternis
754 596 859 645 cessisse
869 602 972 661 putatur

382 679 496 728 Moribus
507 677 648 745 Amphion:
665 685 694 727 tu
704 678 762 728 cede
773 679 882 743 potentis
893 679 966 729 amici

381 762 491 811 Lenibus
502 761 622 826 imperiis,
634 761 795 825 quotiensque
807 761 893 811 educet
903 760 930 810 in
942 778 1014 826 agros

381 844 474 894 AEtolis
486 850 587 893 onerata
598 842 680 909 plagis
687 842 802 908 jumenta
813 861 941 908 canesque,

380 928 457 992 Surge
468 934 494 977 at
504 927 646 976 inhumanae
657 927 754 976 senium
765 927 859 991 depone
870 927 991 987 Camenae,

381 1011 459 1060 (lenes
470 1015 499 1059 ut
509 1010 604 1075 pariter
614 1010 743 1075 pulmenta
753 1010 881 1060 laboribus
892 1017 974 1076 empta
983 1029 989 1071 ;

380 1092 500 1143 Romanis
513 1095 632 1144 sollemne
642 1092 704 1143 viris
715 1110 785 1158 opus,
796 1094 858 1143 utile
870 1095 944 1143 famae

380 1172 492 1237 Vitaeque
503 1179 529 1222 et
539 1172 665 1233 membris,
676 1172 813 1237 prasertim
825 1189 880 1222 cum
890 1174 975 1222 valeas
987 1179 1013 1222 et

380 1255 426 1305 Vel
438 1272 511 1305 cursu
522 1271 639 1319 superare
649 1272 735 1305 canem
745 1257 786 1305 vel
796 1256 893 1305 viribus
904 1272 993 1321 aprum

378 1338 472 1389 Possis.
505 1337 584 1398 Adde,
595 1337 681 1388 virilia
692 1338 757 1402 quod
768 1339 903 1403 speciosius
913 1355 985 1389 arma

379 1421 435 1470 Non
447 1420 538 1485 estqui
550 1426 653 1470 tractet:
672 1420 728 1481 scis,
741 1438 789 1485 quo
799 1422 905 1471 clamore
916 1439 1012 1472 coronae

377 1504 471 1553 Proelia
482 1503 606 1553 sustineas
617 1504 780 1569 campestria;
798 1504 903 1570 denique
915 1522 1007 1555 sacram

377 1586 498 1636 Militiam
509 1604 570 1652 puer
581 1594 606 1637 et
617 1586 768 1636 Cantabrica
778 1588 846 1637 bella
856 1588 938 1637 tulisti

376 1670 427 1719 Sub
438 1669 506 1730 duce,
518 1670 560 1735 qui
571 1669 672 1735 templis
683 1671 833 1720 Parthorum
844 1671 916 1735 signa
926 1671 1009 1736 refigit

375 1754 448 1803 Nunc
459 1761 491 1814 st,
503 1754 525 1804 si
536 1753 595 1818 quid
607 1755 686 1814 abest,
698 1754 772 1804 Italis
783 1753 909 1819 adjudicat
919 1755 1004 1805 armis.

374 1839 418 1897 Ac,
430 1854 462 1887 na
473 1844 498 1887 te
508 1838 622 1888 retrahas
634 1843 660 1886 et
670 1836 846 1887 inexcusabilis
858 1838 934 1897 absis,

374 1921 494 1977 Quamvis
506 1921 543 1970 nil
554 1927 625 1970 extra
635 1937 765 1971 numerum
776 1921 863 1970 fecisse
875 1921 1021 1986 modumque

374 2005 466 2055 Cures:
484 2005 609 2054 interdum
620 2004 722 2069 nugaris
733 2021 789 2054 rure
799 2013 918 2070 paterno;

373 2088 487 2138 Partitur
496 2087 585 2137 lintres
597 2086 734 2147 exercitus;
751 2088 825 2137 Actia
835 2103 919 2152 pugna

373 2171 409 2220 Te
420 2170 481 2221 duce
491 2187 536 2235 per
546 2187 636 2235 pueros
646 2168 734 2219 hostili
745 2186 812 2219 more
823 2171 944 2229 refertum

372 2252 539 2303 Adversarius
550 2258 589 2302 est
599 2253 685 2311 frater,
696 2252 765 2301 lacus
776 2252 881 2311 Hadria,
892 2251 970 2301 donec

372 2337 528 2385 Alterutrum
538 2336 613 2385 velox
624 2333 735 2383 Victoria
745 2334 833 2384 fronde
843 2340 950 2384 coronet.

372 2417 518 2468 Consentire
530 2416 581 2466 suis
593 2415 684 2465 studiis
695 2414 737 2480 qui
748 2415 880 2465 crediderit
890 2422 922 2475 te,

370 2500 465 2549 Fautor
475 2506 578 2563 utroque
589 2504 661 2547 tuum
671 2497 785 2547 laudabit
795 2498 884 2563 pollice
895 2497 989 2548 ludum.

370 2582 489 2633 Protinus
500 2588 529 2631 ut
539 2597 661 2640 moneam,
673 2580 695 2629 si
706 2580 767 2645 quid
777 2581 907 2630 monitoris
919 2596 975 2644 eges
986 2588 1023 2641 tu,

370 2665 437 2723 Quid
448 2664 478 2715 dc
489 2679 585 2730 quoque
595 2663 650 2713 viro
661 2669 687 2713 et
697 2663 736 2713 cui
747 2663 823 2724 dicas,
836 2680 900 2729 saepe
911 2663 1002 2714 videto.

520 2797 553 2838 45.
566 2795 658 2846 quoties.
830 2798 862 2837 58.
875 2798 952 2847 abates,
961 2797 1018 2838 amr.
