2475 3284
333 195 402 245 Ales
421 194 577 245 POETIOA.

123 326 186 383 Quis
198 332 281 376 tamen
293 326 394 391 exiguos
406 328 488 391 elegos
500 326 611 377 emiserit
623 333 715 385 auctor,

87 427 89 432 ·
122 409 287 459 Grammatici
298 416 396 460 certant
406 417 431 460 et
442 410 523 460 adhuc
534 411 580 460 sub
587 409 672 475 judice
683 411 716 459 lis
727 418 773 461 est.

121 493 300 543 Archilochum
311 495 412 559 proprio
423 494 506 544 rabies
517 493 626 543 armavit
635 495 734 552 iemb0;
893 513 913 554 9.
961 502 1064 592 Qu

968 581 987 643 a'.
997 581 1070 644 uiis

965 657 984 694 1.
994 655 1013 693 l.
1022 655 1054 694 12.

963 707 985 745 ΙΨ
992 706 1011 745 ὗ.
1021 706 1053 745 ΜΩ

926 501 952 542 Ε.

69 581 103 627 80
122 578 199 627 Hunc
210 569 273 627 socci
285 594 369 642 cepere
381 576 468 643 pedem
479 576 633 641 grandesque
644 571 767 648 cothurni,
881 612 920 642 „a
928 553 959 642 (ᾗ

122 661 236 710 Alternis
248 668 334 726 aptum
346 661 501 711 sermonibus
513 667 538 710 et
548 661 677 726 popularis
882 657 918 693 ω’·
931 653 955 743 ξ·

121 744 270 794 Vincentem
282 744 401 810 strepitus
412 750 535 794 etnatum
545 745 620 793 rebus
631 744 742 809 agendis.
948 732 953 744 ⁸

122 828 199 878 Musa
209 828 279 877 dedit
288 828 381 878 fidibus
392 826 464 877 divos
474 843 612 892 puerosque
623 826 725 878 deorum
882 843 915 890 ες.
929 839 953 880 0.
961 841 982 880 4.
992 841 1011 880 2.
1020 840 1059 878 10-

121 911 157 960 111
168 911 277 976 pugilem
288 910 406 960 victorem
417 916 443 959 et
454 926 543 974 equum
554 910 688 960 certamine
699 910 808 976 primum
962 941 982 981 1.
991 941 1023 980 12.
1032 892 1064 980 ξ*

68 998 101 1045 85
120 994 157 1042 Et
164 991 286 1059 juvenum
297 1009 368 1043 curas
380 999 405 1042 et
415 993 495 1044 libera
506 992 566 1043 vina
575 994 676 1046 referre.
882 1006 917 1046 zu.
931 1005 1012 1046 e.1.4.
1022 1007 1054 1047 89.

120 1077 268 1141 Descriptus
280 1093 379 1126 servare
390 1076 457 1126 vices
468 1093 617 1141 operumque
628 1077 723 1127 colores

122 1161 174 1210 Cur
185 1176 230 1225 ego
242 1160 263 1209 si
275 1176 368 1225 nequeo
379 1159 513 1224 ignoroque
524 1164 598 1224 putta
609 1161 724 1210 salutm?

120 1244 174 1293 Cur
185 1243 279 1292 nescire
289 1242 385 1308 pudens
397 1259 557 1307 pravequam
567 1242 661 1293 discere
672 1245 759 1293 malo?
878 1248 931 1297 pus.
945 1246 1066 1287 S.2.3.³9.

121 1325 243 1375 Versibus
255 1325 343 1390 exponi
356 1325 457 1389 tragicis
469 1342 509 1374 res
520 1326 612 1375 comica
624 1343 673 1376 non
685 1328 738 1377 volt
745 1345 751 1386 ;

67 1413 102 1459 90
122 1408 274 1473 Indignatur
284 1408 345 1458 item
356 1407 463 1473 privatis
475 1425 504 1458 ac
514 1425 591 1474 prope
602 1426 671 1459 socco

122 1491 213 1556 Dignis
224 1491 376 1541 carminibus
387 1491 485 1540 narrari
496 1508 557 1540 cena
567 1492 690 1556 Thyestae.
882 1492 931 1540 710·
944 1492 1078 1533 0.1.16.lt.

121 1575 226 1639 Singula
237 1591 337 1639 qnaeque
348 1575 429 1624 locum
440 1580 543 1624 teneant
554 1575 643 1624 sortita
653 1575 774 1625 decenter.

120 1657 252 1708 Interdum
262 1665 345 1707 tamen
358 1665 382 1707 et
392 1674 478 1707 vocem
488 1652 606 1709 comedia
617 1659 692 1717 tellit,

120 1742 254 1807 Iratusque
266 1742 382 1791 Chremes
393 1740 489 1790 tumido
500 1741 615 1805 delitigat
627 1758 681 1801 ore;
880 1753 913 1793 94·
927 1741 948 1781 S·
958 1743 977 1781 1·
986 1743 1006 1783 4·
1015 1743 1048 1784 48.

67 1830 102 1877 95
120 1825 157 1875 Et
166 1824 275 1888 tragicus
286 1825 430 1889 plerumque
441 1823 510 1874 dolet
521 1840 632 1873 sermone
642 1823 758 1888 pedestri.
879 1828 926 1886 bedf
940 1827 1061 1869 01017.

120 1907 247 1972 Telephus
259 1913 284 1956 et
294 1908 393 1965 Peleus,
404 1924 461 1956 cum
471 1923 566 1972 pauper
577 1913 602 1956 et
612 1907 684 1955 exsul
694 1914 796 1972 uterque
882 1914 922 1953 Pel.
936 1914 975 1961 Ep.
986 1915 1017 1955 17.
1027 1916 1046 1954 8.

120 1991 216 2041 Proicit
227 1991 350 2056 ampullas
361 1996 388 2039 et
398 1988 580 2055 sesquipedalia
590 1989 674 2048 verba,
879 2000 936 2039 “mu-
950 1990 975 2030 E·
985 1992 1004 2032 1.
1013 1992 1033 2031 ³·
1043 1990 1075 2030 14.

121 2075 149 2125 Si
159 2080 230 2124 curat
240 2090 282 2124 cor
293 2072 428 2138 spectantis
439 2072 550 2136 tetigisse
561 2073 678 2136 querella.
732 2053 828 2140 “³5
837 2061 843 2076 ⁸

119 2158 179 2206 Non
192 2156 254 2206 satis
265 2164 304 2206 est
314 2155 418 2220 pulchra
430 2171 484 2204 esse
494 2159 624 2219 po'e'mats3
641 2154 724 2204 dulcia
735 2161 809 2204 sunto

52 2244 102 2291 100
119 2240 156 2289 Et
167 2255 318 2303 quocumque
328 2238 413 2287 volent
423 2237 534 2287 animum
545 2236 667 2286 auditoris
678 2245 778 2302 agunto.

120 2323 160 2373 Ut
169 2322 309 2371 ridentibus
321 2320 440 2381 arrident,
451 2320 488 2370 ita
499 2320 617 2371 flentibus
630 2320 722 2370 adsunt

119 2406 234 2456 Humani
245 2405 343 2454 voltus:
362 2403 434 2453 si‘vis
445 2421 484 2453 me
495 2404 562 2463 flere,
574 2402 707 2453 dolendum
718 2411 757 2453 est

119 2488 236 2538 Primum
247 2488 295 2553 ipsi
306 2487 354 2537 tibi
364 2506 371 2549 3
390 2495 450 2537 tunc
460 2494 505 2537 tna
515 2504 555 2536 me
566 2487 705 2536 infortunia
715 2488 813 2548 laedent,

111 2571 231 2637 'Telephe
243 2572 283 2621 rel
293 2571 383 2620 Peleu:
400 2571 465 2620 male
477 2570 499 2619 si
510 2569 629 2619 mandata
640 2570 754 2635 loqueris,

131 2733 165 2772 ⁸1.
178 2730 297 2781 populum.
397 2731 429 2770 97.
442 2730 537 2781 proiicit.
638 2731 683 2771 101.
697 2730 783 2771 adflent.

235 2796 279 2836 101.
293 2795 455 2836 ldeleudumst.
565 2795 608 2835 loe.
622 2795 679 2835 tum.

437 2867 454 2899 u
462 2860 474 2899 2
