2475 3284
172 201 230 261 268
631 200 659 261 Q.
677 199 817 251 HORATI
832 199 961 250 rusco!

171 352 202 391 ep.
216 342 241 383 Ε.
250 344 270 383 2.
279 344 298 383 1.
308 342 341 384 co.
395 332 464 385 Hinc
474 332 525 385 illae
535 332 652 384 lucrimae.
686 330 780 398 Spissis
791 332 895 397 indigns
905 332 1010 383 theatris

171 392 278 493 „wffi
287 394 336 484 ²9⁰⁵}
396 415 494 481 Scripta
504 415 581 481 pudet
591 415 696 465 recitare
707 422 733 465 et
744 415 816 480 nugis
828 415 918 465 uddere
928 415 1034 480 pondus,

396 500 423 549 Si
434 500 502 549 dixi:
520 499 606 559 Rides,
617 499 662 559 eit,
674 505 700 549 et
710 500 728 548 J
728 499 781 549 ovis
793 499 895 549 curibus
906 499 956 548 iste

171 587 218 627 mel.
231 586 255 627 c,
264 586 284 627 4.
293 588 313 628 2.
322 587 354 627 st.
396 573 499 641 Serves;
517 581 574 630 fidis
586 582 653 632 enim
664 596 765 652 merere
776 581 873 646 poetice
883 582 959 631 melle

171 680 220 710 aar.
233 669 255 710 S·
265 671 284 710 1.
293 670 313 710 6·
324 670 344 709 ὅ.
395 664 431 714 Te
442 666 530 724 solum,
542 664 589 714 tibi
600 665 710 730 pulcher.
743 664 784 715 Ad
794 664 848 714 haec
858 680 904 728 ego
914 664 1017 714 neribus
1029 663 1068 713 uti

396 747 512 798 Formido
523 753 556 807 et,
567 747 687 797 luctantis
699 754 771 798 scuto
782 764 813 797 ne
825 764 892 797 secer
901 747 987 811 ungui,

396 831 519 896 Displicet
530 831 578 881 iste
588 832 665 890 locus,
677 832 764 891 cismo,
776 836 802 881 et
812 830 908 880 diludia
918 847 1000 896 posco.

395 913 481 963 Ludus
492 914 559 964 enim
569 914 657 978 genuit
667 914 792 979 trepidum
802 921 926 964 certamen
937 921 963 964 et
973 914 1046 974 mum,

118 1046 120 1051 ,
170 1004 357 1053 sra‚c.1.1c.1t.
395 996 438 1047 Ira
449 1003 530 1047 truces
542 996 687 1047 inimicitius
699 1003 724 1046 et
734 997 838 1047 funebre
849 997 950 1047 bellum.

761 1203 822 1255 XX.

393 1338 565 1387 Vrsrumsum
575 1336 724 1401 denumque,
735 1335 808 1397 liber,
820 1342 931 1401 spectare
941 1335 1043 1397 rideris,

393 1418 492 1469 Scilicet
502 1425 531 1469 ut
541 1425 639 1484 prostes
651 1418 777 1469 Sosiorum
787 1419 884 1484 pumice
895 1418 1010 1470 mundus.

393 1501 477 1551 Odisti
487 1502 569 1551 claves
581 1507 607 1551 et
616 1507 690 1565 grets
701 1500 786 1565 sigilla
796 1500 900 1565 pudico;

392 1584 483 1634 Paucis
494 1584 591 1635 ostendi
602 1585 682 1649 gomis
693 1590 719 1634 ct
729 1584 869 1634 communie
879 1584 976 1643 leudes,

393 1667 450 1716 Non
462 1666 498 1717 ite
509 1668 628 1717 nutritus.
661 1667 738 1731 Fuge,
749 1683 798 1732 quo
808 1665 955 1716 descendere
966 1666 1060 1730 gestis:

393 1750 450 1799 Non
462 1750 511 1800 erit
521 1750 612 1800 emisso
623 1749 718 1799 reditus
730 1749 785 1800 tibi.
820 1748 887 1805 Quid
898 1749 973 1798 miser
984 1750 1044 1813 egi?

394 1831 461 1887 Quid
471 1833 558 1883 volui?
574 1832 649 1892 dices,
661 1833 704 1882 ubi
716 1831 771 1897 quis
782 1838 808 1882 te
818 1831 924 1891 laeserit;
942 1838 968 1881 et
978 1831 1027 1881 scis

393 1915 425 1963 In
437 1916 511 1966 breve
522 1923 547 1965 te
558 1916 619 1980 cogi,
632 1932 688 1965 cum
699 1917 788 1981 plenus
799 1916 902 1979 languet
912 1921 1015 1965 ametor.

393 1997 466 2053 Quod
477 1998 498 2047 si
511 2015 560 2047 non
571 1998 628 2047 odio
639 1997 764 2062 peccantis
776 1996 868 2061 desipit
879 2012 966 2061 augur,

394 2081 472 2138 Gerus
484 2080 533 2130 eris
544 2080 638 2140 Romae,
650 2080 727 2130 donec
738 2087 764 2130 te
775 2079 874 2129 deseret
885 2085 959 2138 etam

171 2185 202 2215 ιι.
216 2176 238 2216 S.
248 2176 292 2217 m.
301 2176 334 2217 ιι.
356 2133 567 2214 sconuectatue
577 2163 622 2213 ubi
633 2163 749 2212 menibus
761 2161 899 2213 sordescere
909 2161 977 2226 volgi

394 2245 512 2311 Ooeperis,
522 2253 567 2296 eut
577 2245 659 2295 tineus
670 2261 756 2309 pasces
767 2244 907 2294 taciturnus
919 2243 1015 2302 inertis,

169 2342 207 2383 Ile.
221 2342 245 2384 0.
255 2343 275 2384 ι.
284 2343 317 2385 2⁰.
326 2342 359 2385 ιο.
393 2330 445 2378 Aut
457 2328 537 2393 fugies
548 2328 650 2378 Uticam
661 2334 706 2376 sut
715 2327 814 2377 rinctus
824 2326 933 2376 mitteris
942 2326 1060 2378 Ilerdam.

393 2410 497 2461 Ridebit
507 2410 616 2461 monitor
627 2426 677 2460 non
688 2410 828 2470 exauditus,
837 2416 866 2459 ut
877 2409 927 2470 ille,

394 2493 443 2550 Qui
455 2494 520 2543 mele
530 2500 659 2558 parentem
671 2492 698 2542 in
709 2509 784 2557 rupes
795 2491 917 2558 protrusit
927 2492 1033 2541 asellum
1168 2498 1197 2545 15

169 2583 211 2622 inv.
224 2583 252 2624 Δ.
261 2583 287 2625 P.
295 2584 340 2624 467.
393 2576 492 2625 Iratus:
510 2575 565 2640 quis
577 2575 645 2625 enim
656 2575 764 2625 invitum
775 2592 874 2625 servare
885 2576 1000 2625 laboret?

393 2659 449 2708 Hoc
459 2675 554 2724 quoque
565 2664 590 2708 te
601 2665 694 2719 menet,
706 2664 735 2708 ut
745 2674 834 2723 pueros
846 2658 969 2708 elemento
980 2658 1111 2709 docentem

442 2798 482 2831 xx.
495 2791 515 2831 7.
528 2790 634 2841 ubiquid.
694 2791 727 2831 10.
740 2790 829 2831 deseret.
886 2791 919 2833 12.
933 2788 1145 2834 cunis...iuertes.
