2475 3284
300 226 493 279 CARMINUM
510 228 577 280 ΗΒ.
597 229 644 280 IV.
663 229 696 280 ir.

223 358 343 425 Dixitque
353 361 454 411 tandem
465 362 574 426 perfidus
585 362 730 413 Hannibal:

208 449 214 471 ‘
224 443 305 502 cervi,
316 443 429 509 luporum
442 444 527 509 prada
537 445 673 510 rapacium,

256 528 383 577 Seetamur
393 528 468 589 ultro,
479 545 541 593 quoe
552 528 650 594 opimus

288 611 386 660 Fallere
396 617 422 661 et
432 611 539 676 effugere
550 618 589 661 est
599 611 750 678 triumphus.

208 721 214 742 ‘
223 714 299 773 Gens,
311 730 365 778 quae
374 720 483 765 cremato
493 714 567 765 fortis
578 717 611 766 ab
622 716 674 767 Ilio

223 797 324 846 Jaetata
335 797 421 847 Tuscis
432 797 571 862 aequoribus
583 814 662 858 seara,

256 880 384 944 Notosque
394 887 553 946 maturosque
564 887 650 946 patres

288 961 398 1013 Pertulit
407 961 533 1013 Ausonias
544 961 578 1012 ed
587 963 671 1023 urbes,

208 1066 301 1117 ‘DurIs
312 1073 341 1116 ut
351 1067 403 1117 ilex
413 1073 487 1117 tonsa
498 1067 650 1132 bipennibus

222 1150 308 1214 Nigrae
318 1149 395 1200 feraei
406 1148 503 1200 frondis
514 1149 654 1223 inAlgido,

254 1233 303 1284 Per
314 1233 412 1293 damna,
425 1249 469 1298 per
479 1232 565 1293 eaedes,
577 1235 610 1284 ab
621 1233 678 1299 ipso

288 1315 364 1364 Ducit
375 1330 434 1380 opes
446 1314 603 1380 animumque
617 1316 692 1366 ferro.

206 1418 279 1472 ‘Non
290 1416 379 1482 Hydra
390 1422 457 1467 seete
467 1433 568 1482 corpore
578 1416 675 1467 firmior

220 1500 294 1551 Vinci
305 1500 430 1550 dolentem
440 1499 519 1549 erevit
528 1498 556 1549 in
567 1500 709 1560 Herculem,

253 1584 426 1634 Monstrumve
438 1582 574 1632 submisere
586 1582 673 1633 Colchi

286 1664 378 1732 Majus,
389 1665 545 1716 Echioniaeve
556 1665 654 1716 Thebae.

204 1778 210 1799 ⁴
220 1770 317 1821 Merses
328 1769 458 1836 profundo,
470 1768 597 1835 pulchrior
607 1769 704 1820 evenit:
752 1818 755 1823 .

220 1854 332 1913 Laetera,
343 1853 424 1903 multe
434 1857 535 1917 proruet
545 1851 671 1916 integrum

254 1936 317 1986 Cum
328 1935 401 1985 laude
411 1935 539 1994 rictorem,
550 1941 668 1999 geretque

286 2018 380 2068 Proelia
391 2015 536 2083 eonjugibus
548 2016 680 2082 loquenda.

204 2131 210 2152 ⁶
221 2122 368 2188 Carthagini
376 2120 431 2188 jem
442 2138 492 2171 non
504 2137 548 2186 ego
561 2120 663 2171 nuntios

218 2207 323 2256 Mittam
333 2205 468 2270 superbos3
486 2203 583 2262 oooidit,
595 2202 685 2253 oceidit

252 2290 313 2354 Spes
324 2287 405 2338 omnis
417 2293 443 2336 et
452 2287 554 2337 fortuna
564 2285 646 2336 nostri

284 2370 408 2429 Nominis,
421 2368 580 2419 Hasdrubale
591 2367 750 2439 interempto.

203 2473 264 2524 ‘Nil
275 2473 386 2525 Claudiae
397 2490 446 2523 non
458 2471 586 2537 perficient
596 2487 700 2521 manus:

219 2558 288 2614 Quas
299 2562 325 2606 et
335 2555 442 2620 benigno
454 2554 554 2604 numine
566 2553 684 2619 Juppiter

253 2637 378 2699 Defendit,
390 2645 416 2688 et
426 2654 490 2701 ennae
501 2652 601 2701 sagaees

284 2721 429 2788 Expediunt
438 2737 483 2786 per
496 2726 569 2769 aeuta
579 2718 657 2770 belli!

405 2830 437 2870 7³.
449 2826 572 2879 perficiunt.

1060 237 1117 299 109

919 467 950 507 50.
965 458 988 499 G.
998 461 1017 500 1.
1027 461 1058 501 15.
1067 462 1100 502 29.
