2475 3284
612 223 639 284 Q.
656 223 794 274 HORATI
809 224 935 275 Fusco]

496 356 679 406 Incontinentis
691 374 735 406 nec
745 356 813 421 Tityi
821 355 892 421 jecur

495 439 608 503 Reliquit
618 441 678 497 ales,
691 439 807 504 nequitiae
818 439 918 488 additus

528 523 631 573 tusus:
650 529 786 572 amatorem
796 529 913 572 trecentae

559 605 826 655 Pirithonm'nohibent
836 613 936 657 catenae.

744 800 775 852 V.

492 934 569 983 Cium
580 940 709 982 tonantem
719 932 868 982 credidimus
879 933 897 981 J
897 949 968 982 ovem

491 1017 619 1080 Regnare:
638 1032 747 1081 praesens
758 1015 831 1064 divus
842 1015 974 1065 habebitur

521 1101 659 1163 Augustus,
670 1096 773 1162 adjectis
784 1098 914 1147 Britannis

554 1182 664 1247 Imperio
675 1181 840 1245 gravibusque
851 1180 943 1231 Persis.

487 1297 595 1347 Milesne
608 1298 692 1347 Crassi
704 1294 806 1361 conjuge
817 1298 925 1346 barbara

488 1379 578 1445 Turpis
590 1380 695 1430 maritus
706 1380 788 1429 vixit?
806 1386 831 1429 et
841 1379 984 1429 hostium-

520 1463 570 1512 Pro
582 1463 664 1522 Curia,
676 1462 816 1527 inversique
827 1480 908 1512 mores
916 1468 957 1512 !—

554 1545 690 1596 Censennit
701 1562 838 1595 socerorum
849 1545 875 1595 in
887 1545 971 1606 armis,

486 1663 537 1712 Sub
548 1679 605 1727 rege
616 1662 699 1721 Medo,
710 1663 811 1712 Marsus
823 1669 848 1712 et
859 1664 965 1727 Apulus,

484 1745 639 1796 Anniliorum
650 1752 676 1794 et
686 1744 794 1794 nominis
806 1752 831 1795 et
841 1751 905 1809 togae

518 1829 626 1887 Oblitus,
638 1836 783 1893 aeternasque
794 1828 886 1887 Vestae,

126 1928 170 1968 aas.
184 1928 307 1971 c.4.15.o.
549 1912 671 1961 Incolumi
683 1913 745 1961 Jove
757 1917 782 1961 et
792 1913 853 1961 urbe
865 1911 963 1960 Roma?

482 2030 538 2079 Hoc
548 2036 648 2078 caverat
657 2045 727 2078 mens
738 2027 843 2093 provida
853 2027 951 2092 Reguli,

482 2111 661 2162 Dissentientis
672 2111 856 2161 condicionibus
877 2094 881 2104 .

514 2194 604 2255 Foedis,
617 2201 643 2244 et
653 2195 765 2259 exemplo
775 2194 898 2243 trahentis

545 2277 683 2327 Perniciem
693 2277 796 2326 veniens
807 2276 833 2325 in
845 2293 933 2337 aevum,

479 2396 505 2445 si
517 2412 566 2444 non
577 2395 670 2465 peripet
681 2393 866 2443 immiserabilis

479 2477 585 2541 Captiva
595 2479 681 2542 pubes.
716 2476 807 2539 ‘Signa
818 2492 862 2539 ego
873 2475 975 2525 Punicis

510 2560 593 2610 Affixa
604 2558 723 2616 delubris,
735 2565 841 2608 stanna

121 2671 153 2702 20,
167 2660 190 2702 c,
199 2661 218 2702 4,
229 2663 260 2703 14,
269 2663 301 2703 32,
544 2642 673 2691 Militibus
685 2640 738 2689 sine
750 2640 830 2700 caede,'
841 2641 912 2701 dixit,
1114 2647 1147 2692 20

407 2779 439 2813 Π.
453 2773 485 2811 78.
499 2770 609 2819 relinquit.
711 2776 735 2807 v·
749 2769 768 2807 8.
782 2768 847 2809 arvis.
925 2770 957 2810 12.
970 2769 1080 2810 incolomi.

647 2832 679 2871 15.
692 2830 796 2880 trahenti,
804 2831 832 2872 K.
