2475 3284
357 208 502 260 EPODON
518 210 548 259 Χ
550 209 605 261 VII.

96 371 102 387 .
180 341 269 392 Refixe
279 341 339 391 eaelu
349 340 467 391 devocer-e
478 341 567 402 sidera,

181 424 293 482 Canidia,
305 440 378 487 perce
389 424 491 474 vocibus
503 425 604 474 tandem
615 425 701 485 serris,

180 506 315 571 citumque
322 512 388 556 retro
400 509 475 566 solve,
488 509 556 557 solve
567 508 701 559 turbinem.

178 590 263 641 Movit
274 597 387 655 nepotem
399 591 521 667 Teleuhus
533 592 660 651 Nerulum,

180 674 212 723 In
223 689 295 739 quem
307 676 427 739 superbus
439 674 567 725 ordinaret
577 675 679 740 agmine.

179 757 316 821 Mysorum,
329 757 391 806 etin
403 775 476 822 quem
487 759 539 807 tela
550 765 624 808 acute
633 765 749 808 torserat.

180 840 280 888 Unxere
291 846 384 889 matres
395 840 451 889 Iliae
463 840 589 890 addictum
600 841 661 890 feris

179 922 291 972 Alitibus
302 928 376 986 utque
387 922 491 972 cunibus
502 923 653 974 homicidam
663 925 804 985 Hectorem,

179 1005 314 1069 Postquam
325 1004 419 1054 relictis
431 1005 554 1056 moenibus
565 1023 610 1055 rex
620 1007 729 1072 procidit

179 1088 250 1137 Heu!
268 1086 403 1152 pervicacis
414 1087 446 1137 ed
457 1088 532 1152 pedes
544 1089 662 1140 Aehillei.

180 1171 266 1219 Setosu
277 1169 346 1219 duris
358 1186 447 1219 exuere
458 1171 567 1235 pellibus

178 1252 308 1302 Laboriosi
319 1253 425 1316 remiges
437 1253 533 1313 Ulixei,

179 1337 284 1385 Volente
296 1336 375 1396 Circe„
387 1337 516 1396 membru3
534 1345 588 1386 tum
598 1354 670 1387 mens
681 1345 707 1387 et
718 1355 792 1388 sonus

179 1419 310 1483 Relapsus,
322 1426 396 1483 utque
407 1426 481 1470 notus
494 1420 521 1469 in
532 1422 616 1470 vultus
628 1421 715 1471 honor.

180 1502 244 1552 Dedi
256 1501 318 1551 setis
330 1518 451 1567 superque
462 1518 591 1568 poenerum
603 1503 660 1563 tibi,

179 1587 270 1634 Amata
282 1584 365 1634 nautis
377 1586 484 1634 multum
496 1592 521 1635 et
531 1586 700 1637 institoribus.

179 1667 254 1731 Fugit
261 1665 387 1732 juventus,
400 1674 426 1716 et
436 1667 588 1717 verecundus
599 1670 667 1718 color

179 1749 293 1814 Reliquit
303 1766 361 1799 ossa
372 1751 437 1814 pelle
448 1750 540 1800 amicte
551 1750 649 1811 luride;

178 1832 239 1881 Tuis
251 1832 356 1897 capillus
367 1834 440 1882 albus
452 1840 491 1883 est
501 1833 627 1893 odoribus,

147 1917 150 1923 '
178 1915 282 1964 Nullum
293 1931 309 1963 a
320 1916 405 1964 lubere
416 1932 455 1965 me
466 1916 572 1966 reclinat
583 1917 670 1966 otium.

179 1997 259 2061 Urget
270 1997 336 2047 diem
348 2014 404 2057 nox,
416 2004 443 2047 et
452 1998 506 2047 dies
518 2007 622 2061 noctem,
635 2016 712 2064 neque
724 2008 762 2050 est

178 2081 272 2130 Lersre
283 2087 354 2129 tenta
365 2080 455 2146 spiritu
467 2082 609 2145 praeeoidie.

178 2164 246 2228 Ergo
258 2170 374 2227 negatum
385 2163 472 2213 vincor
482 2171 511 2213 ut
521 2164 619 2214 credam
631 2165 715 2225 miser,

179 2247 278 2297 Sabelle
289 2252 374 2311 peetus
385 2246 514 2312 inerepare
524 2248 644 2307 earmina,

180 2330 307 2394 Oaputque
318 2329 405 2379 Mersa
415 2328 526 2380 dissilire
538 2331 620 2380 nenia.

179 2411 246 2467 Quid
256 2411 364 2476 emplius
375 2412 436 2463 vis?
469 2413 571 2463 Omere
582 2420 608 2463 et
617 2419 699 2464 terre!
717 2413 799 2474 ardeo,

179 2495 306 2550 Quantum
317 2511 395 2560 neque
405 2501 462 2545 stro
472 2495 599 2546 delibutus
611 2496 732 2547 Hercules

179 2577 253 2627 Nesei
264 2593 356 2639 eruore,
369 2594 413 2629 nee
424 2578 514 2629 Sicana
525 2578 622 2628 fervida

136 2735 307 2793 ⁸lLluxsru
407 2737 540 2778 mfflms
642 2735 779 2784 amm]

182 2801 216 2842 25.
227 2802 320 2850 argum
333 2799 344 2840 l
357 2801 455 2850 nequest.
539 2801 572 2841 80.
585 2800 657 2840 mure!
683 2799 779 2841 utu-rat

1045 215 1102 274 lm

908 362 927 401 ς,
939 351 978 400 Ep.
988 353 1007 392 5.
1015 353 1048 392 46.

908 593 949 634 Tel.
962 594 989 636 Δ.
998 594 1024 636 Ρ.
1033 596 1065 636 tt.

908 1015 1088 1064 muium

908 1189 939 1227 ¹5·
952 1178 977 1219 E.
987 1180 1006 1217 l.
1016 1180 1035 1217 2.
1047 1179 1079 1217 23.

907 1592 946 1631 ins.
960 1590 984 1630 O.
994 1592 1013 1631 3.
1023 1592 1041 1630 6.
1051 1592 1083 1631 30.

906 2024 937 2062 25.
951 2012 975 2052 C.
985 2015 1004 2053 2.
1014 2014 1046 2054 18.
1056 2015 1087 2054 15.

906 2264 953 2303 Sat.
967 2263 988 2304 S.
997 2265 1016 2304 1.
1025 2265 1045 2303 9.
1055 2265 1086 2304 29.

906 2347 963 2387 Mar.
976 2347 1016 2395 llp.
1026 2349 1086 2389 5.·16.

906 2513 957 2555 Iler.
971 2513 1010 2562 Ep.
1020 2514 1038 2553 3.
1049 2515 1080 2554 17.
