2475 3284
131 232 169 290 80

127 367 309 416 41.o.1.rs.11.

599 231 628 293 Q.
645 233 676 282 H
675 232 740 283 ORA
747 233 784 282 TI
800 232 927 284 FLACOI

470 371 476 393 ‘
486 365 554 445 Qum,
565 366 636 415 velut
647 373 726 415 neetee
736 366 829 415 vitulos
840 367 931 425 leaenae,

485 447 609 512 Singulos,
621 448 689 507 eheu,
701 449 819 498 lacerent.
853 449 907 512 Ego
917 448 970 497 illis

484 531 588 585 Mollior
598 548 643 594 neo
654 538 679 580 te
690 531 786 589 feriam,
798 548 876 595 neque
887 532 955 580 intus

616 614 732 664 Claustra
742 615 838 663 tenebo.

468 731 527 780 ‘Me
538 736 613 795 pster'
620 731 693 781 saevis
705 736 791 780 oneret
801 730 903 790 cetenis,
1003 789 1007 795 .

484 813 557 868 Quod
566 814 620 864 viro
632 815 739 863 clemens
750 813 840 862 misem
851 812 962 878 peperci:

483 896 526 945 Me
537 896 577 946 vel
588 904 710 946 extremos
721 895 887 945 Numidarum
898 895 924 944 in
936 912 1008 960 egros

616 980 702 1029 Classe
712 979 813 1042 releget.
870 1040 874 1067 Ι

468 1096 505 1155 ιΙ,
517 1095 590 1167 pedes
602 1102 685 1161 quote
697 1095 799 1160 rapiunt
809 1100 835 1144 et
845 1110 919 1153 surae,
1019 1070 1023 1073 Β

484 1179 550 1227 Dum
561 1180 630 1228 favet
641 1195 690 1227 nox
701 1185 726 1249 et
736 1178 834 1227 Venus:
853 1178 868 1227 1
879 1177 985 1227 secundo
1120 1181 1154 1228 50

483 1261 581 1327 Omine,
592 1266 619 1309 et
630 1260 709 1309 nostri
720 1277 853 1309 memorem
864 1261 976 1325 sepulcro

614 1343 701 1408 Seelpe
713 1343 863 1407 querellam!

718 1559 781 1610 XII.

449 1708 610 1759 memsam
622 1715 661 1758 est
672 1727 750 1774 neque
762 1709 840 1759 emori

449 1791 516 1841 Dare
526 1791 621 1853 ludum,
634 1808 712 1857 neque
723 1791 790 1842 dulei

448 1875 519 1925 Melo
529 1876 588 1925 vino
598 1876 689 1935 lovere,
702 1882 745 1925 aut
756 1874 892 1926 exanimari
903 1877 1037 1927 metuentis

578 1957 679 2008 Petruae
689 1959 793 2009 verbere.
803 1959 903 2023 linguae.

446 2073 504 2123 Tibi
515 2074 616 2139 qualum
629 2075 757 2140 Cythereae

448 2156 513 2206 Puer
524 2159 584 2217 oles,
595 2157 643 2206 tibi
655 2159 719 2207 teles

446 2241 607 2305 Operosaeque
618 2240 740 2291 Minervae
752 2241 861 2291 studium
872 2244 960 2302 aufert,
973 2243 1092 2297 Neobule.

577 2320 685 2388 Liporaei
696 2322 764 2373 nitor
774 2323 861 2385 Hebri,

444 2438 524 2488 Simul
533 2444 622 2487 unctos
634 2439 760 2488 Tiberinis

446 2521 569 2570 Humerus
580 2521 644 2571 levit
655 2522 681 2570 in
693 2521 774 2581 undis,
1118 2533 1153 2578 10

444 2604 526 2669 Eques
538 2604 593 2669 ipso
604 2604 692 2652 melior
703 2603 901 2669 Bellerophonte,
913 2621 991 2671 neque
1002 2623 1085 2672 pugno

577 2687 662 2751 Neque
674 2686 744 2750 segni
754 2686 816 2751 pede
827 2688 923 2750 vietus3

665 2815 685 2853 3.
698 2816 824 2856 metuentes.
