2475 3284
620 225 648 285 Q.
665 224 802 275 HORATI
818 225 943 276 FLACOI

473 358 522 407 Per
532 357 624 407 liberos
636 364 668 418 ts,
681 356 703 407 si
714 363 802 408 vocata
813 359 934 423 partubus

504 439 599 491 Lucina
610 440 676 490 veris
688 434 777 501 adfuit,

472 524 521 572 Per
531 523 577 572 hoc
587 522 662 572 inane
673 540 789 589 purpmae
798 523 872 574 decus
883 541 977 589 precor,

504 606 554 656 Per
564 605 762 671 improbaturum
772 607 825 656 haec
836 607 854 656 J
854 623 933 666 ovem,

472 688 539 744 Quid
550 695 579 738 ut
589 706 694 739 noverca
705 706 745 739 me
756 687 869 749 intueris,
881 696 926 738 aut
936 689 973 738 uti

506 771 590 820 Petita
600 773 667 821 ferro
678 772 770 821 belua?
779 773 819 808 '—

471 855 508 903 Ut
517 855 570 904 haec
580 855 697 904 trementi
708 861 809 919 questus
821 871 863 905 ore
874 855 988 905 constitit

507 937 653 1002 Insignibus
664 937 744 1002 raptis
755 954 824 1003 puer,

471 1021 576 1084 Impube
586 1037 683 1085 corpus,
695 1022 767 1085 quale
779 1027 864 1085 posset
875 1019 953 1085 impia

503 1103 604 1153 Mollire
616 1104 739 1153 Thracum
750 1110 863 1168 pcctora3

472 1185 579 1235 Canidia
590 1186 707 1236 brevibus
719 1187 847 1252 implicata
857 1185 950 1251 viperis

505 1269 592 1319 Orines
604 1277 629 1319 et
639 1269 792 1335 incomptum
803 1276 885 1334 caput,

471 1354 488 1400 J
489 1353 548 1401 ubet
560 1352 679 1417 sepulcris
691 1353 818 1418 caprificos
830 1358 921 1410 erutas,

503 1436 521 1483 J
521 1437 581 1485 ubet
590 1452 722 1500 cupressus
733 1435 853 1493 funebris,

470 1519 505 1568 Et
515 1525 591 1569 uncta
601 1518 683 1583 turpis
695 1535 742 1568 ova
752 1534 820 1568 ranae
831 1517 959 1582 sanguine,

504 1602 667 1666 Plumamque
679 1607 805 1651 nocturnae
815 1601 908 1665 strigis,

471 1686 625 1749 Hertasque,
637 1702 699 1749 quas
711 1685 792 1734 Iolcos
803 1691 877 1749 atque
888 1684 993 1735 Hiberia

503 1767 587 1817 Mittit
597 1784 748 1818 uenenorum
760 1769 838 1826 ferar,

469 1851 504 1900 Et
514 1867 572 1901 ossa
582 1853 615 1901 ab
626 1869 668 1902 ors
679 1859 753 1916 rapta
761 1849 854 1915 jejunae
865 1850 941 1910 canis,

502 1934 623 1983 Flammis
634 1933 706 1983 aduri
718 1933 847 1984 Colchicis.

469 2020 505 2067 At
515 2017 632 2083 expedita
642 2018 747 2082 Sagana,
759 2034 804 2081 per
814 2023 893 2065 totam
903 2015 1002 2066 domum

503 2102 626 2166 Spargens
637 2100 771 2150 Auernalis
782 2116 867 2164 aquas,

469 2183 562 2232 Horret
572 2182 672 2248 capillis
683 2189 713 2231 ut
723 2181 835 2231 marinus
847 2181 942 2246 asperis

505 2265 624 2324 Echinus,
636 2271 681 2314 aut
691 2281 791 2314 currens
803 2280 869 2328 apcr.

469 2349 565 2397 Abacta
577 2348 647 2397 nulla
657 2347 720 2397 Veia
730 2345 881 2397 conscientia

502 2429 640 2494 Ligonibus
651 2430 721 2479 duris
731 2430 835 2478 humum

468 2512 648 2571 Exhaurisbat
659 2512 786 2576 ingemens
798 2511 940 2571 laboribus3

501 2595 556 2651 Quo
567 2601 652 2660 posset
662 2594 772 2643 infossus
783 2610 845 2658 puer

449 2752 481 2791 15.
494 2751 586 2801 illigata.
653 2752 686 2797 18.
699 2761 809 2798 cupressos
816 2750 924 2793 funebres.
993 2753 1025 2794 al.
1039 2757 1086 2794 aut.

682 2815 715 2855 26.
728 2814 851 2855 Avernales.
