2475 3284
140 632 179 680 pu.
193 630 276 672 n.1.1.
287 631 331 672 ree.

137 2040 182 2089 pri.
195 2040 217 2081 S.
226 2041 245 2081 1.
254 2041 273 2081 3.
284 2040 317 2082 99.

612 244 641 305 Q.
657 243 795 294 ΗΟΕΑΊῚ
812 243 940 293 Feruor·

366 376 428 432 Quae
440 375 545 441 simplex
556 376 616 426 olim
627 375 675 426 tibi
688 375 795 436 sederit;
812 382 840 425 at
851 376 925 426 simul
936 375 1001 425 assis
1055 379 1065 390 ⁸

366 459 498 508 Miscueris
510 459 583 517 elixa,
596 458 670 508 simul
682 458 810 523 conchylia
821 458 910 519 turdis,

366 540 456 590 Dulcia
468 558 494 590 se
505 540 531 589 in
543 541 619 590 bilem
631 547 731 591 vertent
741 541 915 605 stomachoque
926 541 1063 590 tumultum
1143 544 1179 595 75

366 625 446 674 Lenta
457 625 520 674 feret
530 623 630 689 pituita.
663 624 740 673 Vides
752 630 780 673 ut
791 624 901 689 pallidus
913 623 994 673 omnis

366 707 434 756 Cena
444 706 562 769 desurgat
571 705 666 755 dubia?
700 705 768 762 Quin
779 723 868 772 corpus
879 713 997 756 onustum

365 789 498 839 Hesternis
509 788 580 838 vitiis
591 789 704 838 animum
715 806 810 854 quoque
822 796 962 854 praegravat
972 806 1031 849 una,

365 873 447 936 Atque
459 871 538 935 affigit
548 871 624 920 humo
635 871 726 921 divinae
736 871 886 936 particulam
896 887 972 921 auree.

364 956 444 1014 Alter,
456 954 500 1003 ubi
511 954 578 1004 dicto
588 954 663 1004 citius
674 960 761 1003 curata
773 953 856 1019 sopori
1138 959 1175 1005 80
1196 945 1199 950 ⁴

364 1038 480 1088 Membra
490 1037 566 1097 dedit,
578 1045 681 1101 vegetus
691 1038 836 1103 praescripta
847 1036 880 1086 ad
891 1037 978 1087 munia
989 1038 1077 1102 surgit.

364 1120 416 1171 Hic
426 1128 509 1170 tamen
520 1119 553 1169 ad
564 1120 653 1169 melius
664 1119 757 1185 poterit
767 1125 938 1169 transcurrere
949 1120 1082 1184 quondam,

364 1204 422 1253 Sive
433 1204 499 1253 diem
510 1205 602 1253 festum
612 1203 711 1253 rediens
722 1202 850 1253 advexerit
860 1219 949 1263 annus,

364 1287 413 1336 Seu
423 1303 533 1337 recreare
544 1288 612 1336 volet
623 1291 753 1354 tenuatum
763 1302 860 1351 corpus,
873 1285 966 1351 ubique

363 1370 488 1419 Accedent
499 1369 558 1418 anni
571 1368 709 1418 attractari
720 1369 821 1419 mollius
832 1376 893 1419 aetas
1137 1374 1172 1421 85

364 1452 495 1501 Imbecilla
505 1452 581 1502 volet.
615 1450 673 1500 'libi
685 1451 804 1516 quidnam
815 1452 914 1502 accedet
925 1452 958 1501 ad
968 1452 1044 1500 istam

364 1535 445 1590 Quam
456 1551 518 1599 puer
529 1541 554 1583 et
564 1534 664 1584 validus
676 1535 806 1599 praeeumis
816 1534 956 1595 mollitiem,
968 1551 1013 1584 seu

364 1618 436 1667 Dura
449 1618 567 1667 valetudo
578 1616 695 1667 inciderit
706 1634 750 1667 seu
760 1618 833 1667 tarda
844 1613 978 1668 senectus?

362 1699 504 1749 Rancidum
515 1716 603 1764 aprum
614 1699 713 1764 antiqui
724 1700 869 1760 laudabant,
882 1717 932 1750 non
943 1700 1002 1765 quia
1013 1717 1090 1750 nasus

362 1782 419 1832 Illis
432 1783 516 1831 nullus
528 1788 589 1842 erat,
602 1782 646 1831 sed
657 1782 729 1832 credo
739 1783 786 1832 hac
796 1790 887 1843 mente,
898 1784 964 1848 quod
974 1784 1065 1849 hospes
1134 1789 1167 1835 90

362 1865 469 1915 Tardius
481 1865 615 1916 adveniens
627 1864 744 1915 vitiatum
755 1865 906 1916 commodius
917 1883 991 1931 quam

362 1950 492 2013 Integrum
504 1949 567 1999 edax
577 1950 693 1999 dominus
704 1955 866 1999 consumeret.
900 1950 954 1999 Hos
965 1948 1063 2000 utinam
1075 1949 1143 2000 inter

362 2032 462 2082 Heroas
467 2039 559 2082 natum
569 2034 645 2082 tellus
656 2050 695 2082 me
707 2032 788 2097 prima
799 2032 913 2082 tulisset!

362 2109 415 2165 Das
427 2114 522 2179 aliquid
533 2116 613 2173 famae,
623 2131 677 2179 quae
687 2115 795 2164 carmine
807 2115 902 2178 gratior
912 2131 997 2164 aurem

363 2196 473 2263 Occupat
483 2196 631 2245 humanam:
649 2196 756 2260 grandes
767 2196 865 2246 rhombi
877 2197 1017 2262 patinaeque
1132 2205 1164 2251 95

362 2280 462 2329 Grande
473 2280 558 2329 ferunt
568 2294 618 2327 una
629 2295 685 2328 cum
696 2279 787 2328 damno
798 2278 917 2339 dedecne;
934 2279 997 2329 adde

283 2398 288 2410 .
312 2398 318 2411 .
362 2362 459 2411 Iratum
470 2367 595 2427 patruum,
606 2361 806 2420 vicinos,tetibi
818 2362 932 2427 iniquum

271 2448 276 2459 '
312 2448 318 2460 '
361 2443 501 2494 Etfrustra
511 2443 599 2492 mortis
610 2443 736 2508 cupidum,
748 2460 804 2493 cum
815 2444 894 2494 deerit
905 2444 987 2508 egenti

150 2637 178 2666 ee.
191 2625 215 2666 0.
225 2626 244 2666 3.
254 2626 285 2665 lt.
293 2625 326 2665 40.

361 2527 405 2586 As,
417 2525 499 2591 laquei
510 2527 625 2591 pretium.
661 2527 729 2585 Jure,
741 2526 831 2590 inquit,
844 2527 965 2577 Transiue
976 2526 1035 2577 istis

361 2611 482 2672 Jurgatur
492 2608 575 2658 verbis
584 2627 590 2669 ;
609 2624 654 2672 ego
666 2608 800 2671 vectigalia
810 2625 902 2673 magna
1115 2617 1164 2663 100

361 2691 518 2756 Divitiasque
529 2692 609 2742 habeo
620 2691 702 2741 tribus
714 2691 811 2755 amplae
823 2692 930 2755 regibus.
964 2693 1040 2757 Ergo,

436 2826 469 2866 te.
482 2825 565 2874 affligit
692 2823 724 2864 95.
737 2825 833 2872 occupet.
960 2827 992 2867 99.
1006 2826 1085 2876 inquis.
