2475 3284
594 203 622 264 Q„
639 204 777 255 HORATI
793 206 917 256 Falce]

349 337 400 386 Cur
410 342 481 401 optas
493 337 558 401 qued
566 337 661 387 habes?
688 339 744 387 Non
754 338 827 397 nosti,
835 338 894 402 quid
902 342 981 403 pater,
990 337 1079 402 inquit,

349 419 501 485 Chrysippus
513 420 593 469 dicat:
611 420 715 485 Sapiens
727 421 839 485 crepidas
850 421 899 470 sibi
911 438 1046 485 numquam

349 502 401 550 Nec
412 502 492 551 soleas
504 502 569 562 fecit,
583 509 653 552 sutor
663 510 746 552 tamen
758 511 797 552 est
808 504 914 569 sapiens.
948 504 1017 558 Qui?

348 585 385 634 Ut
395 587 508 649 quamvis
519 592 586 636 tacet
596 588 773 650 Hermogenes,
785 593 871 636 canter
881 593 966 636 tamen
977 593 1051 650 atque

124 674 166 720 vaf.
180 673 201 712 S·
211 674 230 712 2.
240 674 259 711 2.
270 672 313 711 131.
349 667 464 733 Optimus
476 677 515 718 est
525 670 679 737 modulat0r;
696 677 726 720 ut
736 671 852 720 Alienius
863 671 935 719 vafer
946 670 1012 719 omni
1099 674 1147 719 130

64 751 67 758 '
348 752 452 818 Abjecto
463 753 628 804 instrumento
640 754 702 803 artis
713 756 845 818 clausaque
856 755 961 803 taberna

124 839 161 875 sut.
176 835 196 875 S.
206 836 225 874 2.
235 835 254 876 ³·
265 835 310 874 106.
348 835 422 885 Suter
433 844 494 896 erat,
506 837 606 901 sapiens
617 837 699 901 operis
711 836 747 886 sie
758 837 866 902 optimus
878 837 958 886 omnis

347 918 396 967 Est
406 918 490 982 opifex
501 920 576 979 selus,
588 919 625 969 sic
635 936 686 970 rex.
720 921 825 969 Vellunt
834 920 882 968 tibi
893 920 998 969 barbam

347 1001 447 1053 Lascivi
458 1001 528 1066 pueri
538 1020 544 1062 3
561 1019 623 1066 quos
634 1009 662 1051 tu
674 1002 725 1051 nisi
738 1004 804 1052 fuste
815 1007 919 1062 coerces,

348 1082 452 1146 Urgeris
463 1084 537 1132 turba
547 1083 675 1133 circumte
687 1090 769 1133 stante
780 1084 903 1148 miserque
1100 1087 1148 1133 135

348 1165 481 1230 Rumperis
493 1171 518 1215 et
528 1167 614 1227 latras,
626 1183 772 1231 magnorum
783 1167 891 1217 maxime
902 1184 996 1231 regiun.

348 1249 386 1297 Ne
397 1249 498 1312 longum
509 1249 613 1298 faeiem:
631 1250 689 1299 dum
700 1257 730 1299 tu
740 1250 877 1314 quadrante
888 1250 1000 1300 lavatum

347 1331 404 1380 Rex
415 1331 472 1392 ibis,
484 1348 562 1396 neque
573 1339 598 1381 te
609 1332 740 1397 quisquam
751 1333 859 1397 stipatur
869 1333 981 1397 ineptum

126 1424 169 1463 vis.
182 1423 203 1462 S.
213 1424 232 1462 1.
244 1424 260 1460 1.
271 1421 316 1461 12⁰.
347 1415 442 1463 Praetsr
453 1414 597 1479 Crispinum
608 1415 751 1475 sectabitur,
763 1416 861 1465 etmihi
873 1416 957 1465 dulces

348 1498 482 1561 Ignoscent
493 1497 515 1546 si
526 1497 586 1561 quid
596 1514 698 1562 peccaro
710 1500 801 1548 stultus
813 1499 894 1559 amici,

347 1580 427 1644 Inque
437 1580 517 1630 vicem
528 1580 628 1629 illorum
638 1582 721 1646 patiar
732 1582 822 1631 delicta
833 1582 947 1642 libenter,

348 1662 513 1727 Privatusque
523 1662 603 1727 magis
614 1663 699 1712 viram
709 1670 735 1714 ts
746 1681 803 1729 rege
814 1666 910 1715 beatus.

728 1870 774 1921 IV.

127 2017 143 2044 ¹·
158 2005 211 2045 E.1.
222 2007 252 2044 19.
264 2007 282 2044 1.
348 2002 461 2052 Eureeis
473 2007 546 2065 atque
558 2001 677 2052 Cratinus
688 2002 917 2067 Aristephanesqus
928 2007 1008 2068 poetae

125 2106 144 2134 2.
158 2094 250 2134 S.1.10.
261 2095 292 2134 16.
348 2087 429 2150 Atque
441 2084 484 2134 alii
496 2101 599 2148 quorum
611 2085 729 2134 comoedia
740 2086 822 2150 prisca
832 2085 942 2135 virorum
953 2094 998 2144 est,

157 2145 272 2185 A.P.281.
349 2167 375 2217 Si
387 2167 442 2232 quis
454 2174 507 2217 erat
517 2166 608 2231 dignus
619 2166 733 2227 describi,
745 2167 811 2231 quod
821 2169 903 2217 malus
915 2186 944 2218 ac
954 2170 1003 2227 fur,

349 2250 421 2306 Quod
431 2250 539 2299 muschus
550 2251 616 2299 foret
627 2257 672 2299 aut
683 2250 787 2299 sicarius
798 2257 843 2320 aut
853 2251 948 2315 alioqui
995 2247 998 2251 ¹

348 2334 477 2392 Famosus,
488 2333 569 2381 multa
579 2350 636 2383 cum
647 2333 764 2382 libertate
775 2335 905 2384 notabant.

348 2416 416 2465 Hine
426 2415 507 2464 omnis
519 2415 611 2479 pendet
621 2415 741 2473 Lucilius,
753 2416 826 2465 hosce
840 2422 938 2465 secutus

348 2497 455 2547 Mutetis
466 2503 566 2546 tantum
577 2497 683 2562 pedibus
695 2497 860 2562 numerisque,
872 2500 975 2558 facetus,

347 2581 476 2633 Emunctae
487 2580 563 2638 naris,
575 2579 653 2629 durus
664 2597 809 2644 componere
821 2598 916 2630 versus.

120 2683 171 2721 dae.
184 2681 205 2721 s.
216 2681 234 2720 1.
244 2679 275 2720 10.
283 2678 315 2718 60.
347 2665 414 2714 Nam
424 2664 474 2713 fuit
483 2663 530 2712 hoe
540 2662 661 2712 vitiosus:
678 2663 706 2711 in
716 2663 778 2712 hora
789 2680 854 2728 saepe
866 2664 991 2725 ducentos,

456 2804 488 2836 rr.
503 2796 522 2837 ἵ.
537 2795 683 2836 lvirommst.
783 2796 802 2834 3.
816 2796 908 2837 autfur.
