2475 3284
590 215 617 275 Q.
634 214 773 264 HORATI
790 212 917 263 moal

477 349 570 398 Dicunt
581 347 608 396 in
619 354 705 397 tenero
716 346 828 411 gramine
839 345 970 411 pinguium

479 431 599 483 Custodes
611 431 695 481 ovium
706 430 817 480 earmina
828 430 921 488 fistule,

477 516 656 579 Delectantque
667 513 748 572 deum,
761 513 800 563 oui
812 529 886 578 pecus
898 519 923 561 et
934 511 1000 576 nigri

609 597 692 647 Colles
703 595 816 645 Arcediae
826 595 934 659 pleeent.

122 735 153 774 13.
166 723 190 764 c.
200 726 220 764 3.
229 727 262 765 29.
271 725 303 765 20.
476 714 608 764 Adduxere
620 713 689 762 sitim
700 719 819 777 tempora,
832 711 923 774 virgili
934 730 940 771 ;

123 810 166 849 cal.
180 809 233 850 0.1.
243 809 274 849 20.
284 810 311 857 9;
324 845 328 852 ,
478 795 526 846 Sed
536 812 649 861 pressum
662 795 763 846 Calibus
775 794 862 843 ducere
873 794 991 842 Liberum

245 861 279 900 ⁸¹·
287 861 307 901 ⁹·
478 879 504 928 Si
515 877 600 943 gestis,
609 876 731 942 juvenum
742 876 863 926 nobilium
875 876 960 934 eliens,

121 972 169 1002 Μ’·
183 960 319 1003 O.2.11.16.
609 961 696 1010 Nardo
707 960 767 1010 vine
777 960 910 1009 merebere.

476 1077 555 1128 Nardi
567 1094 660 1142 parvus
672 1093 738 1141 onyx
749 1075 831 1125 eliciet
842 1075 937 1133 rodum,

475 1160 526 1217 Qui
538 1177 602 1210 nuno
613 1158 729 1224 Sulpiciis
741 1159 845 1208 accubat
854 1158 950 1206 horreis

213 1246 260 1333 ·}1·
282 1247 301 1287 ⁷·
476 1246 537 1308 Spes
548 1244 641 1292 donare
653 1259 730 1292 novas
741 1243 833 1305 largus,
845 1256 977 1304 amoreque

199 1246 219 1336 l.
242 1248 289 1336 sl.

198 1348 217 1385 3.
227 1348 259 1386 12.
268 1348 288 1387 e.
608 1325 730 1374 Curarem
742 1325 823 1373 eluere
834 1324 927 1372 efficax.

121 1257 152 1297 ¹9·
165 1245 189 1333 g.

118 1357 151 1385 20.
165 1347 189 1386 0.

475 1442 517 1491 Ad
527 1457 581 1505 quae
592 1439 614 1489 si
626 1457 744 1505 properas
755 1439 854 1504 gaudia,
866 1455 921 1488 oum
932 1445 976 1487 tua

475 1524 555 1574 Velox
565 1540 645 1572 meree
655 1522 726 1572 veni:
745 1539 794 1571 non
806 1539 850 1586 ego
861 1529 886 1571 te
897 1521 960 1570 meis

475 1608 615 1657 Immunem
626 1605 733 1655 moditor
743 1605 840 1669 tingere
851 1604 954 1670 poculis,

606 1689 686 1738 Plena
697 1688 767 1738 dives
779 1695 807 1737 ut
818 1688 844 1736 in
856 1687 936 1737 domo.

474 1809 568 1856 Verum
578 1822 642 1871 pone
653 1821 736 1854 mores
748 1810 773 1853 et
785 1803 893 1853 studium
905 1803 975 1862 lueri,
1111 1809 1145 1853 25

474 1890 655 1954 Nigrorumque
666 1905 767 1946 memor,
779 1888 839 1936 dum
850 1888 915 1946 lieet,
927 1887 1029 1951 ignium,

473 1972 553 2022 Misce
564 1971 699 2021 stultitiam
711 1970 822 2020 consiliis
833 1972 947 2020 brevem:

606 2054 685 2103 Dulce
697 2060 735 2103 est
746 2053 857 2118 desipere
869 2053 895 2102 in
906 2054 967 2102 loeo.

704 2241 782 2290 ΧΠΙ.

475 2377 618 2433 Aomvmm,
630 2374 702 2438 Lyce,
715 2373 741 2423 di
752 2390 808 2422 mea
818 2379 884 2432 vota,
896 2371 923 2420 di

474 2455 606 2514 Audivere,
618 2456 691 2520 Lyce.
725 2455 769 2503 Fis
781 2471 851 2514 anus,
865 2461 984 2504 ettamen

59 2597 65 2607 ‚
508 2538 555 2588 vis
567 2540 677 2587 formosa
688 2537 776 2596 videri,

118 2647 138 2687 4.
152 2637 178 2677 Ε.
188 2638 207 2678 2.
216 2639 235 2677 2.
245 2638 290 2678 214.
539 2620 665 2684 Ludisque
677 2626 702 2669 et
712 2619 779 2668 bibis
791 2618 929 2684 impudens,

394 2741 427 2780 11.
440 2739 568 2779 delectante.
670 2738 701 2776 13.
714 2735 805 2783 Vergili.
813 2737 839 2777 B.
941 2738 972 2777 23.
986 2736 1090 2786 tinguere.

661 2801 693 2840 28.
708 2800 719 2840 ἲ
732 2800 821 2840 duloest.
