2475 3284
584 235 613 297 Q.
636 235 774 287 Horrffl
791 233 916 286 FLACCI

352 369 419 420 Dum
429 369 502 420 cedat
512 369 705 502 eluequqltione
715 368 812 418 ruentis
823 366 913 427 acervi,

218 481 228 502 e
271 483 290 500 n
353 453 401 508 Qui
412 452 477 518 redit
487 451 514 502 in
525 441 605 502 faitoe
617 470 631 502 e
653 452 772 502 vi1tutem
784 452 892 501 aestimat
902 449 975 500 annis

128 544 174 584 Lib.
188 543 210 584 s.
219 544 239 583 2.
248 543 268 582 6.
278 542 310 583 19.
351 519 507 600 Miraturque
518 534 589 595 nihil,
601 535 652 584 niei
663 534 729 599 quod
738 534 852 583 Libitina
863 532 979 586 sacravit.

128 624 183 664 Eun.
192 623 214 663 S.
223 623 243 663 1.
252 623 284 662 10.
293 622 326 662 54·
351 617 449 669 Ennius
460 623 486 667 et
496 617 596 683 sepiens
608 623 634 667 et
644 617 718 667 fortis
730 623 756 666 et
766 618 831 666 alter
841 618 973 676 Homerus,
1131 618 1174 665 50

190 674 216 713 E.
225 674 245 713 1.
256 673 287 713 19.
296 673 316 712 ⁷⁹
351 701 389 750 Ut
399 699 478 750 critici
490 700 583 760 dicunt,
596 700 686 750 leviter
692 699 900 794 Quidem,

124 800 174 841 pro.
187 789 214 829 A.
223 788 249 829 P.
259 788 304 828 138.
351 783 407 838 Quo
417 782 540 847 promissa
550 782 643 833 cadant
653 788 679 831 et
690 777 787 831 iomnre
794 757 972 846 i⁴yehng0reai
1026 799 1051 852 χ

351 865 453 915 Naevius
464 865 491 913 in
502 864 618 915 manibus
630 882 681 914 non
692 872 731 915 eet
741 872 768 914 et
778 864 904 914 mentibus
915 865 992 914 haret

128 968 167 999 rec.
181 956 205 997 0.
215 957 235 998 3.
243 955 277 996 30.
285 956 305 996 8.
350 948 425 998 Paene
436 948 541 998 recens?
573 946 644 997 Adeo
656 954 770 997 sanctum
781 954 820 997 est
830 955 903 997 vetus
914 964 986 997 omne
996 950 1099 1012 poema.

351 1030 496 1095 Ambigitur
506 1030 620 1096 quotiens
632 1037 688 1080 uter
698 1037 756 1080 utro
768 1030 803 1079 eit
813 1030 889 1095 prior,
901 1031 983 1080 aufert
1131 1034 1171 1081 55

128 1130 170 1160 een·
184 1119 206 1159 S·
215 1120 235 1158 2·
245 1119 264 1160 1.
273 1118 307 1160 34.
351 1115 474 1165 Pacuvius
485 1114 551 1165 docti
562 1115 657 1164 famem
669 1114 744 1174 senis,
756 1113 847 1165 Accius
858 1114 912 1173 alti,

353 1197 451 1248 Dicitur
461 1197 552 1247 Afrani
563 1204 623 1262 toga
633 1197 778 1247 convenisse
789 1197 937 1256 Menandro,

352 1282 458 1332 Plautus
469 1282 503 1332 ed
513 1283 640 1347 exemplar
650 1281 726 1331 Siculi
738 1298 871 1347 properare
881 1280 1032 1347 Epicharmi,

353 1366 459 1416 Vincere
470 1365 583 1416 Caecilius
594 1364 727 1428 gravitate,
739 1364 871 1414 Terentius
881 1371 943 1415 arte.
1024 1357 1027 1360 ¹

127 1454 161 1496 60.
174 1453 200 1494 Ε.
211 1455 228 1494 1.
239 1454 270 1494 19.
279 1453 313 1495 41.
354 1449 409 1499 Hoe
420 1448 509 1498 ediscit
519 1454 545 1498 et
555 1448 600 1498 hoe
612 1454 668 1497 arto
679 1447 773 1512 stipata
784 1447 883 1497 theatro
1130 1453 1169 1499 60

354 1533 455 1598 Spectat
465 1531 546 1582 Roma
556 1537 659 1596 potens;
676 1530 753 1580 hebet
763 1531 809 1580 hos
821 1537 984 1596 numeratque
995 1534 1085 1596 politas

353 1615 395 1666 Ad
405 1622 518 1665 nostrum
528 1620 627 1679 tempus
638 1612 695 1663 Livi
707 1613 836 1679 scriptorio
847 1615 879 1664 ab
891 1624 952 1664 aevo.

353 1697 484 1748 Interdum
493 1698 582 1761 volgus
592 1702 687 1745 rectum
697 1696 774 1756 videt,
787 1703 826 1746 eet
836 1696 879 1745 ubi
891 1702 985 1761 peccat.

354 1780 381 1830 Si
392 1786 487 1831 veteres
499 1779 536 1828 ita
546 1779 655 1829 miratur
665 1779 799 1844 laudetque
810 1783 905 1843 poetae,

354 1864 392 1913 Ut
403 1863 467 1912 nihil
478 1863 609 1920 anteferat,
621 1861 687 1910 nihil
698 1861 750 1910 illie
762 1867 901 1925 oomperet3
918 1868 1000 1911 erret:
1130 1867 1168 1913 65

131 1953 181 1992 der.
195 1952 216 1993 Β.
226 1953 245 1992 1.
254 1951 274 1993 4.
284 1951 304 1995 Β.
354 1945 381 1995 Si
393 1945 504 2010 quadam
516 1943 591 1993 nimie
603 1943 713 2017 antique,
725 1943 748 1993 si
759 1945 876 2008 pleraque
887 1944 949 1994 dure

352 2025 442 2080 Dicere
453 2027 532 2077 credit
543 2026 695 2096 eop'ignave
706 2027 787 2076 multa
799 2028 900 2087 fatetur,

127 2116 173 2164 sav·
187 2114 213 2154 Ε·
221 2115 241 2154 2.
250 2114 271 2155 2.
279 2114 312 2154 ²³·
352 2111 390 2161 Et
400 2110 468 2176 eupit
477 2116 503 2160 et
513 2087 609 2160 mec'um
619 2109 682 2159 facit
693 2115 719 2158 et
729 2110 792 2159 Jove
800 2108 898 2174 judicat
909 2125 986 2174 aequo.

355 2194 412 2243 Non
424 2192 536 2257 equidem
547 2192 656 2242 insector
666 2191 820 2256 delendaque
830 2192 942 2241 carmina
952 2191 1010 2241 Livi

263 2309 269 2320 „
355 2275 419 2325 Eece
429 2291 492 2334 reor,
503 2274 606 2323 memini
617 2290 672 2338 quae
682 2275 813 2338 plagosum
824 2274 886 2323 mihi
898 2291 975 2339 parvo
1130 2279 1167 2330 70

133 2361 173 2401 dic.
186 2359 324 2401 E.1.18.18.
357 2358 482 2408 Orbilium
493 2357 600 2417 dictare;
618 2356 662 2406 sed
673 2357 804 2406 emendata
814 2357 894 2407 videri

189 2412 211 2452 S.
222 2411 324 2453 ¹·1⁰'⁷⁵'
356 2441 511 2506 Pulchreque
523 2447 548 2490 et
559 2439 652 2490 exactis
663 2439 795 2490 minimum
806 2440 929 2490 distantia
940 2440 1032 2500 miron

357 2524 429 2574 Inter
439 2540 493 2588 quae
504 2524 607 2572 verbum
618 2522 720 2571 emicuit
731 2522 752 2572 si
765 2525 829 2573 forte
840 2522 955 2573 decorum
967 2530 992 2573 et

358 2606 384 2656 Si
396 2623 482 2655 versus
493 2605 568 2670 paulo
579 2604 724 2654 concinnior
734 2622 799 2655 unua
811 2612 837 2655 et
848 2607 920 2666 alter,

358 2685 455 2753 Iujuete
465 2694 546 2738 totum
557 2687 627 2737 ducit
637 2686 770 2752 venditque
781 2692 877 2753 poema.

533 2819 566 2858 oo.
579 2817 671 2868 quoties.
852 2820 885 2859 56.
897 2819 979 2860 ntum.
