2475 3284
264 243 456 297 EPISTOLAB
462 245 517 296 ΠΜ
533 245 599 298 LIB.
616 247 637 297 I.
655 247 689 299 vi.

126 377 152 428 Si
163 378 230 428 latus
242 385 286 428 eut
296 393 368 428 renes
379 380 465 428 mcrbo
476 385 631 445 temptantur
641 387 720 439 acuto,

126 462 214 517 Quaere
224 462 310 527 iugem
320 461 408 512 morbi.
442 461 488 511 Vis
499 468 565 513 recte
575 463 674 513 vivere:
692 462 748 527 quis
760 464 829 513 nen?

74 546 108 595 30
126 543 152 593 Si
164 543 244 595 virtus
255 545 302 594 hoc
312 561 362 594 una
373 550 456 609 potest
467 544 533 605 dare,
545 546 618 595 fortis
630 546 730 595 omissis
893 560 940 607 ser.
953 558 978 598 F..
989 558 1007 597 1.
1016 559 1035 597 2.
1044 559 1077 598 40.

125 626 181 676 Huc
191 643 236 691 ege
248 626 352 676 deliciis.
385 626 511 677 Virtutem
521 629 599 677 verba
609 635 684 693 putas
697 635 722 677 et
898 647 1088 687 uocu.s.2.3.152.

125 708 220 758 Lucum
231 709 313 772 ligne:
331 725 390 759 ceve
402 716 531 774 repertus
542 716 643 774 occupet
654 711 725 769 alter,
965 697 1096 737 E·¹·¹⁸·⁸⁸·

125 791 165 839 Ne
176 790 327 856 Cibyratica,
338 808 370 841 ne
381 791 492 856 Bithyna
503 792 603 856 negotia
613 791 718 857 perdam
900 805 941 845 Bit.
955 804 978 845 G.
988 806 1007 845 1.
1017 806 1048 844 35.
1058 806 1078 844 7.

54 933 61 941 ἡ
125 872 199 923 Mille
210 875 306 923 talenta
317 874 489 934 mundentur,
501 874 605 924 tetidem
617 876 705 934 altera,
717 891 790 939 porro
801 882 827 924 et
987 857 1007 895 3.
1016 858 1036 895 ⁷·
1045 857 1064 895 ³·

75 958 108 1005 35
126 956 211 1005 Tertia
223 956 356 1006 succedant
366 963 391 1007 et
402 973 456 1022 quae
466 973 525 1022 pers
537 958 645 1022 quadrat
655 975 777 1008 acervum.

126 1038 226 1089 Scilicet
235 1056 337 1089 uxorem
349 1056 404 1090 cum
415 1040 472 1090 dote
483 1040 605 1108 fidemque
616 1047 642 1089 et
653 1040 745 1090 amicos
903 1046 934 1096 3⁶·
948 1048 968 1087 s.
978 1048 997 1087 2.
1006 1049 1025 1087 3.
1035 1049 1067 1087 95.

124 1122 162 1172 Et
171 1138 250 1187 genus
261 1128 287 1172 et
297 1124 403 1173 formem
415 1123 502 1187 regine
512 1123 622 1172 Pecunia
633 1122 717 1182 donat,
903 1148 934 1188 37.
947 1136 968 1177 s.
977 1137 997 1176 a.
1006 1137 1026 1176 5.
1035 1136 1055 1175 8.

123 1206 164 1254 Ae
171 1205 404 1255 humanum
416 1205 515 1255 decorat
526 1206 633 1255 Suadela
643 1207 783 1271 Venusque.

126 1287 261 1352 Mencipiis
273 1287 516 1353 locupisscgrtuie
527 1289 703 1353 Cappadocum
713 1306 772 1339 rex:

76 1375 110 1421 40
126 1371 166 1420 Ne
177 1370 254 1420 fueris
266 1371 307 1420 hic
318 1377 353 1421 tu.
388 1371 536 1436 Chlemydee
547 1371 674 1431 Luculla,
690 1378 721 1420 ut
731 1372 809 1430 siunt,
856 1382 861 1390 ’

128 1454 155 1503 δί
166 1460 251 1518 posset
261 1460 360 1503 centum
372 1471 450 1504 scenae
461 1456 570 1519 praebere
582 1460 690 1517 rogatus,

127 1536 177 1592 Qui
186 1553 286 1601 possum
295 1539 351 1586 tet?
368 1537 405 1587 eit
414 1555 420 1598 ;
437 1543 521 1587 temen
530 1543 555 1585 et
563 1552 672 1600 queerem
681 1543 707 1586 et
715 1542 774 1600 quot
781 1536 877 1585 habebo

124 1619 243 1669 Mittam:
261 1626 318 1684 post
328 1621 403 1684 paulo
414 1619 502 1669 scribit
513 1619 562 1668 sibi
573 1618 644 1668 milia
655 1620 762 1684 quinque

126 1702 191 1751 Esse
202 1702 269 1751 domi
280 1702 452 1767 chlamydum:
470 1709 567 1767 partem
578 1703 619 1751 vel
631 1702 730 1751 telleret
741 1718 832 1751 omnes.

3 1835 4 1844 ¹
75 1789 110 1835 45
126 1785 210 1834 Exilis
222 1785 310 1835 domus
322 1792 367 1845 est,
379 1785 422 1835 ubi
435 1802 484 1835 non
496 1792 521 1835 et
532 1786 612 1834 multe
620 1791 757 1849 ‚supersunt

124 1868 162 1918 Et
171 1868 298 1918 dominum
309 1870 403 1918 fallunt
413 1875 440 1917 et
449 1875 554 1933 preeunt
564 1868 670 1919 simibus.
703 1868 778 1931 Ergo,

126 1951 154 2001 Si
166 1968 205 2001 res
217 1953 271 2002 sole
282 1958 364 2016 potest
375 1953 455 2001 facere
467 1959 493 2001 et
504 1968 601 2002 servare
613 1952 722 2011 beatum,

125 2035 182 2084 Hoc
193 2035 288 2100 primus
299 2052 356 2100 repe
408 2051 477 2102 opus,
488 2034 535 2084 hoc
545 2041 684 2100 postremus
696 2034 804 2083 omittes.
845 2087 848 2094 4

126 2117 154 2167 Si
165 2120 320 2168 fortunatum
331 2136 361 2184 ep
382 2100 426 2167 *iis
438 2124 463 2167 et
474 2118 557 2190 gretie
567 2123 679 2183 praestet,
722 2113 800 2180 ’μἸ
901 2139 942 2177 spe.
957 2128 1092 2169 mittut.

73 2205 108 2251 50
125 2201 266 2251 Mercemur
277 2218 383 2261 servum,
396 2201 438 2266 qui
450 2200 527 2251 dictet
538 2202 646 2258 nomina,
659 2201 750 2249 laevum

125 2283 176 2339 Qui
188 2283 279 2333 fodicet
289 2285 356 2333 latus
368 2291 393 2334 et
404 2291 476 2348 coget
486 2290 557 2333 trans
569 2282 679 2348 pondere
689 2281 802 2332 dextram
898 2289 947 2339 poe.
962 2289 982 2329 S.
993 2290 1012 2330 1.
1021 2289 1040 2329 e.
1050 2291 1082 2330 78.

124 2366 262 2430 Porrigere.
296 2366 346 2416 Hic
358 2368 464 2416 multum
476 2366 502 2414 in
514 2366 594 2415 Febie
604 2366 681 2424 velet,
692 2364 736 2415 ille
746 2365 850 2425 Veline;

108 2445 114 2449 ⁸
125 2449 237 2500 Cuilibet
247 2450 289 2500 hic
299 2450 378 2500 fasces
390 2449 462 2499 debit
473 2448 608 2513 eripietque
619 2449 703 2498 curule

126 2532 174 2583 Oui
186 2534 253 2582 volet
263 2533 420 2597 importunus
432 2533 500 2582 ebur.
534 2532 630 2590 Frater,
643 2532 726 2591 Peter,
739 2531 814 2581 udde:
900 2536 951 2583 imp·
965 2534 989 2575 Ε·
999 2537 1018 2575 2.
1026 2536 1096 2575 ²·185·

73 2621 106 2669 55
124 2617 164 2666 Ut
174 2615 260 2681 cuique
272 2622 310 2665 est
321 2623 389 2674 uetes,
401 2615 438 2665 ita
449 2632 569 2680 quemque
581 2617 676 2664 facetus
687 2615 785 2681 adopta.

152 2775 184 2815 81.
193 2776 255 2825 putee
264 2776 296 2815 ut.
398 2775 429 2813 ⁵1.
442 2773 518 2813 fodiet.
620 2775 651 2813 εδ.
665 2773 700 2812 cui
708 2774 798 2823 libetis.

247 2838 279 2879 54.
292 2838 382 2878 cuilibet
390 2836 442 2887 imp.
451 2838 487 2876 111.
496 2837 522 2877 B.
582 2837 614 2877 tt.
625 2836 746 2885 temquest.

457 2907 473 2938 R
482 2901 494 2938 2
