2475 3284
271 221 480 273 SATIRARUM
496 222 562 273 ΗΒ.
579 224 614 274 II.
631 223 658 275 ii.

129 354 202 409 Quod
214 360 317 419 superet
327 372 376 404 non
389 360 428 404 est
437 355 527 405 melius
539 373 587 420 que
597 356 723 407 insumere
733 358 836 423 possis?

129 437 181 486 Gur
191 443 248 501 eget
259 437 376 502 indignus
387 437 518 502 quisquam
528 445 554 489 te
565 438 643 489 divite
652 441 663 489 i
680 457 756 504 quare

66 602 112 651 105
128 602 186 651 Non
198 602 295 667 aliquid
305 603 393 668 patries
403 610 475 653 tauto
487 604 596 654 emetiris
607 607 713 656 acervo?
887 630 931 669 105.
944 619 968 659 0.
979 620 998 659 ³.
1007 621 1039 658 24.
1046 621 1079 659 45.

129 683 183 732 Uni
194 683 313 734 nimirum
323 693 388 735 recte
399 686 447 735 tibi
459 702 556 752 semper
566 695 640 738 eruut
649 706 697 740 res.
886 681 935 711 ‘'²²“
949 670 1068 711 mm·

131 768 153 817 0
164 784 270 833 mugnus
280 769 384 833 posthac
396 768 503 819 inimicis
514 770 594 821 risus!
633 772 725 822 Uterne

130 851 172 902 Ad
182 868 255 901 casus
266 852 355 902 dubios
365 852 427 902 fidet
438 852 486 903 sibi
498 854 610 904 certius?
627 855 668 905 hic
679 855 722 920 qui

130 933 251 984 Pluribus
262 934 373 984 adsuerit
383 942 492 985 mentem
502 953 639 1001 corpusque
650 940 791 1003 superbum,

69 1022 114 1067 110
131 1019 172 1067 An
184 1019 227 1083 qui
238 1025 369 1068 contentus
379 1036 458 1085 purvo
468 1026 629 1085 metuensque
640 1022 727 1082 futuri,

131 1101 163 1149 Iu
174 1118 235 1166 pecs
246 1109 275 1151 ut
286 1102 385 1167 sepiens
396 1101 490 1168 aptarit
501 1102 591 1153 idonee
601 1105 689 1154 bello?

164 1268 220 1324 Quo
231 1267 311 1332 magis
321 1267 363 1318 his
374 1269 467 1329 medus,
479 1286 542 1335 puer
554 1270 621 1320 hunc
634 1287 679 1335 ego
692 1287 784 1336 parvus
796 1271 863 1321 Ofel-

230 1350 281 1399 lum

132 1432 241 1497 Integris
252 1433 341 1498 opibus
352 1433 411 1483 novi
423 1450 472 1483 non
482 1433 559 1484 letius
570 1452 644 1484 usum

132 1516 213 1571 Quam
225 1532 290 1565 nuuc
301 1515 395 1566 accisis.
429 1516 522 1567 Videas
533 1524 627 1567 metato
638 1518 665 1567 iu
677 1520 758 1582 agello

69 1601 115 1648 115
134 1599 196 1649 Cum
206 1615 293 1664 pecore
304 1605 330 1649 et
340 1598 424 1664 gnatis
435 1601 525 1649 fortem
536 1600 646 1651 mercede
657 1602 786 1652 colonum:

132 1682 188 1731 Non
201 1698 253 1747 ego,
265 1689 415 1742 narrantem,
428 1689 519 1733 temere
530 1683 570 1733 edi
581 1685 635 1733 luce
646 1685 757 1748 profesta
886 1702 935 1743 pm.
949 1691 1085 1732 c.4.15.25.

132 1765 270 1830 Quicquam
280 1772 371 1830 praeter
382 1766 436 1814 olus
448 1767 551 1816 fumosae
561 1783 617 1816 cum
628 1767 690 1832 pede
701 1784 790 1832 pernae.

28 1857 32 1862 '
132 1849 168 1897 At
178 1848 240 1897 mihi
253 1864 296 1898 seu
306 1849 408 1913 longum
419 1855 477 1913 post
486 1855 584 1914 tempus
595 1856 698 1899 venerut
708 1851 798 1916 hospes

133 1931 190 1981 Sive
201 1947 303 1996 eperum
313 1947 391 1981 vacuo
402 1937 488 1995 gratus
500 1932 605 1982 conviva
616 1950 661 1998 per
671 1933 776 1984 imbrem

70 2018 117 2065 120
133 2014 243 2074 Vicinus,
256 2016 319 2064 bene
330 2021 385 2064 eret
396 2030 445 2064 neu
457 2014 566 2080 piscibus
578 2017 640 2065 urbe
650 2016 737 2081 petitis
753 2065 761 2078 ·,

134 2097 182 2147 Sed
192 2099 261 2164 pullo
272 2103 346 2163 atque
357 2098 444 2157 haed0;
462 2104 516 2147 tum
527 2098 632 2163 pensilis
643 2116 693 2148 uva
705 2099 825 2150 secundus

133 2181 168 2230 Et
178 2198 229 2231 nux
240 2182 347 2232 ornabat
357 2198 456 2231 menses
467 2198 524 2231 cum
534 2181 632 2247 duplice
643 2184 699 2233 ficu.

133 2265 194 2314 Post
204 2265 250 2315 hoc
261 2265 335 2314 ludus
346 2270 401 2314 emt
412 2265 484 2330 culpa
495 2271 582 2330 potare
593 2266 721 2330 magistre,

133 2348 170 2398 Ac
180 2354 298 2398 venerate
310 2348 391 2409 Ceres,
403 2349 440 2397 ite
450 2349 531 2398 culmo
542 2356 654 2413 surgeret
664 2351 724 2410 ulte,

72 2434 118 2481 125
133 2430 259 2496 Explicuit
269 2431 329 2480 vino
340 2437 472 2481 centrectae
483 2431 548 2481 seria
559 2432 658 2482 frontis.
891 2456 935 2498 ης,
948 2447 972 2488 c,
982 2447 1002 2488 3.
1010 2447 1043 2487 29.
1053 2448 1084 2487 16.

134 2514 226 2564 Saeviut
237 2520 311 2578 etque
323 2530 399 2563 novos
411 2521 510 2564 moveat
520 2515 623 2565 fortune
633 2518 771 2566 tumultus:

134 2598 260 2652 Quantum
268 2596 327 2646 hinc
335 2596 485 2647 imminuet?
501 2604 594 2662 quante
602 2605 648 2649 aut
655 2615 699 2662 ego
707 2599 813 2664 paucine,
822 2606 867 2651 eut

232 2696 285 2739 vos,

135 2764 155 2812 0
167 2763 245 2829 pueri,
258 2762 378 2825 nituistis‚
390 2771 419 2814 ut
429 2763 477 2816 huc
488 2781 566 2815 novus
578 2764 659 2815 incola
670 2764 759 2816 venit?
