2475 3284
304 233 513 293 ΗΑΤΙΒΑΒΠΜ
530 233 595 283 Lm.
612 233 647 283 ΙΙ.
659 232 695 283 iii.

116 370 147 423 75
164 365 280 417 Putidius
291 367 371 415 multo
382 367 508 416 oerebrum
521 372 566 425 est,
578 365 641 415 mihi
652 365 731 425 crede,
742 365 876 450 Perilli*

164 449 297 510 Distentis,
309 450 374 514 quod
385 456 414 498 tu
425 465 560 514 numquam
570 448 706 498 rescribere
717 449 807 514 possis.

163 532 257 582 Audire
268 539 342 597 atque
353 538 455 596 togamJ
450 529 521 581 ubeo
532 548 684 596 componere,
696 531 808 597 quisquis

164 614 309 665 Ambitione
320 616 387 665 mala
398 621 443 664 aut
454 614 552 679 argenti
563 615 644 679 pallet
654 631 745 674 amore,
924 625 957 674 78.
970 623 990 663 θ.
1001 625 1020 663 1.
1029 624 1049 663 4.
1058 625 1091 663 26.

163 698 282 762 Quisquis
293 697 392 747 luxuria
403 697 503 747 tristive
515 697 693 761 superstitione
970 675 996 715 Ε
1006 676 1025 713 ¹⁸
1035 676 1066 714 ¹⁸⁸
1077 676 1109 714 Ἠ·

115 784 147 832 80
163 782 216 831 Aut
227 780 278 829 alio
289 780 380 830 mentis
392 781 478 830 morbo
489 780 567 839 ealet3
584 779 634 829 hue
644 780 746 844 propius
759 796 806 840 me,
924 795 964 834 ωι,
977 794 1032 834 m,
1042 794 1115 835 1.108.

164 864 231 914 Dum
242 864 316 913 doceo
326 863 437 913 insanire
448 879 541 923 omnes,
552 879 597 913 ros
609 863 695 913 ordine
707 863 782 912 adite.

163 946 255 997 Danda
266 952 305 995 est
316 944 418 995 ellebori
429 947 508 995 multo
519 961 578 1010 pare
589 946 699 995 maxima
713 945 812 1005 avaris3
924 956 958 995 elz.
972 954 997 994 Ε.
1007 955 1027 993 3.
1036 954 1055 995 3.
1066 954 1110 993 137.

164 1028 254 1079 Nescio
266 1046 298 1078 an
310 1028 457 1094 Anticyram
467 1028 532 1078 ratio
543 1027 596 1077 illis
607 1028 718 1077 destinet
728 1044 833 1078 omnem.

164 1112 276 1163 Heredes
288 1112 386 1162 Staberi
398 1129 520 1162 summam
531 1112 639 1162 incidere
651 1113 777 1177 sepulcro:

118 1199 149 1247 33
164 1195 199 1245 Ni
211 1195 247 1245 sie
257 1195 382 1255 fecissent,
394 1194 561 1259 gladiatorum
571 1194 632 1244 dara
642 1202 742 1244 eentum

164 1278 283 1327 Damnati
294 1279 386 1343 populo
397 1277 469 1342 paria
480 1283 553 1342 atque
566 1278 666 1341 epulum
677 1277 783 1326 arbitrio
794 1277 861 1337 Arri,

124 1414 127 1419 ,
163 1360 293 1411 Frumenti
303 1366 424 1425 quantum
434 1359 507 1409 metit
517 1359 610 1409 Africa.
645 1360 702 1409 Sive
714 1375 759 1424 ego
767 1377 843 1425 prave
924 1365 975 1415 Afr.
988 1364 1012 1404 c.
1022 1366 1041 1405 1.
1052 1366 1071 1404 1.
1081 1367 1113 1406 ιο.

164 1444 212 1494 Seu
222 1450 287 1493 reete
298 1434 346 1493 hoc'
355 1443 432 1503 volui,
444 1460 475 1492 ne
487 1442 521 1493 sis
533 1448 637 1508 patruus
648 1442 719 1493 mihi.
755 1442 834 1493 Credo
921 1453 966 1499 pat.
979 1449 1001 1490 S.
1010 1451 1030 1489 3.
1039 1450 1058 1489 3.
1068 1450 1100 1488 97.

163 1527 218 1577 Hoo
229 1526 327 1576 Staberi
338 1526 484 1591 prudentem
496 1525 608 1575 animum
618 1525 720 1576 vidisse.
762 1526 829 1582 Quid
840 1541 898 1590 ergo

119 1613 148 1659 90
166 1609 255 1668 Sensit,
267 1626 323 1659 oum
335 1623 457 1658 summam
468 1608 603 1673 patrimoni
615 1608 754 1674 insculpere
766 1626 827 1658 saxo

164 1692 275 1743 Heredes
286 1693 384 1742 voluit?
418 1691 506 1748 Quoad
517 1691 588 1751 vixit,
600 1692 706 1742 eredidit
716 1692 804 1756 ingens

164 1774 312 1840 Pauperiem
323 1774 413 1826 vitium
424 1781 449 1824 et
460 1774 527 1824 eavit
538 1774 602 1823 nihil
614 1775 702 1834 aerius,
715 1780 744 1823 ut
755 1774 777 1824 ei
923 1787 955 1828 92·
969 1778 993 1817 0·
1003 1778 1022 1818 ³·
1031 1779 1063 1817 34.
1072 1779 1105 1817 42.

164 1856 238 1907 Forte
249 1857 332 1906 minus
344 1858 454 1921 locuples
465 1873 515 1906 uno
526 1855 665 1921 quadrante
676 1856 790 1921 perisset,
970 1829 995 1868 Ε
1005 1830 1024 1869 1.
1035 1830 1054 1869 ¹⁹
1063 1830 1096 1869 η’

164 1940 222 2004 Ipse
232 1939 359 1990 rideretur
369 1938 418 1988 sibi
430 1938 545 2003 nequior:
563 1939 644 1988 omnis
656 1938 723 1988 enim
733 1956 781 1998 res,

120 2026 149 2073 95
165 2023 259 2082 Virtus,
272 2025 347 2082 fama,
359 2022 440 2082 decus,
452 2022 540 2072 divina
550 2023 705 2086 humanaque
716 2021 827 2087 pulchris

164 2105 268 2156 Divitiis
279 2112 383 2171 parent;
400 2122 462 2170 quas
474 2105 516 2170 qui
528 2106 701 2165 construxerit,
714 2105 757 2154 ille
922 2120 966 2149 con.
981 2110 1004 2149 c.
1015 2112 1034 2149 3
1043 2110 1104 2149 313.

165 2189 252 2239 Clarus
264 2189 319 2248 erit,
331 2188 412 2247 fortis,
420 2187 512 2254 justus.
537 2188 692 2253 Sapiensne?
712 2187 804 2247 Etiam,
817 2193 842 2236 et
853 2204 898 2238 rex
983 2161 1004 2202 s
1014 2162 1033 2201 ¹
1043 2162 1096 2202 1.44

165 2271 199 2320 Et
208 2270 330 2336 quidquid
340 2271 414 2320 volet.
448 2271 510 2329 Hoc,
522 2270 601 2320 veluti
612 2270 705 2320 virtute
715 2276 839 2334 paratum,

163 2352 277 2417 Speravit
287 2367 384 2415 magnae
395 2351 464 2401 laudi
475 2352 535 2401 iore.
570 2351 638 2407 Quid
650 2351 731 2400 simile
742 2351 786 2400 isti

104 2438 148 2485 100
164 2435 264 2484 Graeeus
275 2434 426 2499 Aristippus,
438 2434 480 2499 qui
492 2451 576 2484 servos
587 2434 696 2499 proicere
708 2451 796 2483 aurum

162 2517 193 2567 In
204 2517 287 2567 media
294 2516 373 2582 jussit
383 2516 471 2581 Libya,
483 2517 541 2582 quia
552 2517 649 2566 tardius
660 2516 726 2566 irent

161 2600 267 2665 Propter
277 2617 340 2649 onus
352 2602 458 2664 segnes?
491 2601 557 2650 Uter
568 2606 606 2649 est
616 2600 729 2649 insanior
739 2599 848 2650 horum?

161 2682 205 2732 Nil
216 2682 269 2747 agit
280 2683 427 2747 exemplum,
439 2682 510 2731 litem
521 2682 587 2747 quod
597 2682 642 2731 lite
653 2682 764 2754 resoluit.

173 2816 204 2855 73.
220 2816 230 2856 3
244 2816 384 2857 cerebrumet.
435 2817 467 2856 33.
481 2814 591 2855 hellebori.
644 2816 675 2856 96.
688 2817 834 2858 contraxerit.
