2475 3284
148 541 186 580 Ro.
200 540 336 580 E.1.14.17.

148 721 190 759 spo.
204 711 225 751 s,
234 712 254 750 2.
264 712 283 752 c.
292 712 324 750 aa.

148 795 191 835 rub.
205 795 226 835 S.
236 796 255 833 l.
265 795 326 833 9.18.

239 846 258 883 2.
269 846 288 884 3.
297 845 342 884 289.

148 2456 194 2494 hon.
209 2454 232 2494 (l.
243 2456 261 2495 1.
271 2456 303 2496 ⁶26.
314 2455 346 2496 10.

617 235 646 296 Q.
663 235 801 285 Hortata
817 235 944 285 FLACCI

371 365 437 421 Quid
448 366 523 416 dem?
540 367 600 431 quid
611 384 660 418 non
672 368 749 418 dem?
766 368 850 418 renuis
861 374 897 428 tu,
909 368 975 433 quod
982 367 1057 434 jubet
1069 371 1137 419 alter
1147 388 1153 428 ;

370 449 442 503 Quod
453 449 525 513 petis,
538 449 564 498 id
576 467 636 500 sane
647 457 686 501 est
696 451 805 501 invisum
817 451 963 515 acidumque
974 451 1080 502 duobus.

370 532 464 581 Praeter
474 539 563 592 cetera,
575 550 614 583 me
627 534 744 584 Remaene
754 540 869 600 poemata
880 551 965 584 censes
1145 540 1179 584 65»

370 615 481 664 Scribere
492 632 565 681 posse
576 616 644 666 inter
653 623 692 666 tot
703 634 774 667 curas
786 624 871 681 totque
881 618 998 668 labores?

370 698 420 747 Hic
431 715 549 763 sponsum
559 707 639 759 vocat,
650 700 691 749 hic
701 700 815 750 auditum
826 701 920 766 scripta
930 700 1025 750 relictis

371 780 493 830 Omnibus
505 782 606 841 officiis3
625 784 701 832 cubat
711 783 752 833 hic
763 784 789 832 in
801 784 863 832 colle
875 783 983 843 Quirini,

370 863 420 913 Hic
432 871 541 913 extremo
552 865 578 914 in
590 866 723 926 Aventino,
735 866 854 915 visendus
865 873 981 930 uterque;

371 947 509 997 Intervalla
518 948 588 998 rides
599 949 707 998 humane
718 949 852 1000 commoda.
887 949 980 997 Verum
1144 955 1178 1003 70

370 1030 443 1079 Purae
454 1037 513 1079 sunt
523 1032 618 1095 plateae,
632 1031 695 1081 nihil
706 1038 734 1080 ut
745 1032 924 1081 meditantibus
936 1033 1026 1082 obstet.

370 1113 485 1163 Festinat
494 1113 589 1164 calidus
600 1115 676 1164 mulis
687 1115 827 1179 gerulisque
839 1114 990 1179 redemptor,

371 1197 478 1260 Torquet
489 1213 554 1247 nunc
564 1197 680 1263 lapidem,
693 1214 758 1247 nunc
769 1198 857 1261 ingens
868 1198 984 1247 machina
994 1197 1103 1261 tignum,

370 1279 464 1329 Tristia
474 1280 584 1329 robustis
596 1281 723 1330 luctantur
734 1282 822 1330 fimare
833 1281 961 1345 plaustris,

370 1361 425 1410 Hac
435 1362 535 1411 rabiosa
545 1362 611 1426 fugit
622 1363 699 1421 canis,
710 1364 756 1412 hac
767 1364 891 1412 lutulenta
902 1363 954 1411 ruit
965 1379 1022 1412 sus:
1141 1366 1173 1415 'lo

370 1445 384 1493 I
396 1462 461 1494 nunc
471 1453 497 1495 et
507 1462 593 1495 versus
603 1452 685 1495 tecum
696 1445 817 1495 meditare
827 1462 938 1495 canoros.

372 1527 524 1592 Scriptorum
535 1528 623 1578 chorus
635 1528 715 1577 omnis
727 1535 796 1577 amat
807 1545 894 1577 nemus
906 1535 932 1577 et
942 1527 1008 1592 fugit
1019 1530 1116 1587 urbem,

371 1611 429 1659 Rite
441 1611 517 1660 cliens
528 1611 619 1661 Bacchi
632 1628 718 1660 somno
728 1611 861 1675 gaudentis
872 1617 898 1661 et
908 1613 1009 1660 umbra:

371 1694 407 1742 'l'u
420 1711 459 1743 me
470 1694 536 1748 inter
548 1695 667 1759 strepitus
679 1702 812 1744 nocturnos
823 1702 896 1760 atque
909 1695 1016 1743 diurnos

371 1776 417 1824 Vis
428 1793 516 1826 canere
528 1783 553 1826 et
564 1784 691 1827 contracta
702 1777 771 1842 sequi
783 1777 890 1842 vestigia
900 1779 1007 1827 ratum?
1145 1782 1176 1825 80

371 1859 510 1922 Ingenium,
523 1860 572 1909 sibi
584 1860 650 1925 quod
659 1876 751 1910 vacuas
762 1860 902 1925 desumpsit
912 1860 1032 1917 Athenas,

371 1943 405 1992 Et
417 1942 506 1992 studiis
519 1961 597 1993 annos
609 1951 705 2009 septem
716 1943 786 1993 dedit
796 1942 954 2008 insenuitque

370 2026 455 2076 Libris
467 2033 492 2075 et
503 2026 576 2086 curis,
589 2033 673 2076 statua
683 2026 833 2076 taciturnius
845 2026 897 2077 exit

371 2110 518 2174 Plerumque
530 2117 556 2159 et
566 2110 620 2159 risu
630 2110 750 2174 populum
760 2109 856 2173 quatit;
874 2108 914 2158 hic
925 2124 970 2171 ego
982 2124 1065 2157 rerum

372 2192 502 2241 Fluctibus
514 2192 540 2241 in
551 2192 641 2241 mediis
653 2199 679 2241 et
689 2191 882 2255 tempestatibus
893 2191 964 2240 urbis
1144 2194 1175 2238 85

371 2276 454 2325 Verba
466 2277 525 2340 lyrae
536 2282 634 2324 motura
646 2292 733 2325 sonum
745 2281 871 2325 conectere
882 2274 990 2338 digner?

371 2359 461 2408 Frater
472 2366 526 2408 erat
537 2359 623 2408 Romae
634 2358 741 2408 consulti
751 2358 842 2417 rhetor,
854 2364 884 2406 ut
894 2358 959 2406 alter

372 2441 483 2490 Alterius
496 2458 607 2490 sermone
617 2457 698 2489 meros
710 2440 809 2490 audiret
819 2441 933 2498 honores,

372 2525 498 2573 Gracchus
511 2530 539 2572 ut
548 2523 589 2572 hic
600 2524 648 2583 illi,
660 2525 725 2573 feret
735 2524 793 2573 huic
803 2530 834 2572 ut
844 2523 943 2572 Muciua
955 2523 1007 2572 ille.

373 2607 421 2662 Qui
434 2608 515 2656 minus
527 2612 628 2670 argutos
640 2613 715 2655 vexat
726 2607 796 2654 furor
806 2606 854 2655 iste
866 2607 971 2670 poetas?

374 2691 491 2739 Carmina
502 2706 627 2754 compono,
639 2690 681 2739 hic
692 2691 781 2752 elegos.
817 2688 951 2738 ‘Mirabile
961 2688 1019 2737 risu

525 2821 556 2880 64.
572 2818 670 2859 lsanest.
869 2819 900 2857 80.
915 2820 1021 2858 contacta.
