2475 3284
261 217 470 270 SATJRARUM
487 220 554 272 Lm.
570 220 606 273 ΙΙ.
620 221 647 273 ii.

52 354 85 402 45
99 348 237 415 Pauperies
247 350 329 415 ‚epulis
339 368 439 416 regum:
458 369 516 402 nam
527 353 621 404 vilibus
634 354 687 404 ovis
763 381 766 386 ⁴

101 434 236 499 Nigrisque
248 441 287 484 est
297 434 358 485 olcis
369 434 443 485 hodie
454 437 531 486 locus.
565 437 643 486 Haud
654 438 691 487 ita
702 437 799 504 pridem

101 517 204 567 Galloni
216 516 337 582 praeconis
349 524 403 567 erat
413 517 555 583 acipensere
569 536 656 569 mensa

104 599 220 650 Infamis.
249 599 336 656 Quid?
352 607 405 650 tum
414 601 529 651 rhombos
538 601 622 652 minus
629 619 727 669 aequora
735 605 855 654 alebant?

104 684 185 733 Tutus
197 690 252 733 erat
262 684 381 733 rhombus
394 690 495 749 tutoque
507 684 602 734 ciconia
613 685 680 745 nido,
858 673 861 679 ⁵

58 770 88 817 50
105 766 191 816 Donec
201 782 246 815 vos
258 773 344 816 auctor
354 765 439 816 docuit
449 766 588 831 praetorius.
622 768 690 832 Ergo

105 849 132 899 Si
143 848 201 914 quis
212 865 278 899 nuuc
289 865 386 914 mergos
398 865 487 899 suaves
499 848 605 900 edixerit
615 866 693 911 assos,

104 932 210 983 Parebit
220 931 293 997 pravi
304 932 392 982 docilis
403 932 517 982 Romana
524 930 654 998 juventus.

106 1014 227 1065 Sordidus
239 1030 255 1064 a
265 1015 336 1064 tenui
347 1014 415 1065 victu
426 1015 533 1065 distabit
545 1016 629 1066 Ofella

106 1100 124 1149 J
124 1098 206 1150 udice:
225 1115 285 1148 nam
295 1100 391 1147 frustra
401 1097 491 1148 vitium
501 1098 622 1149 vitaveris
633 1100 706 1161 illud,

60 1184 90 1233 et
107 1183 134 1232 Si
145 1189 170 1232 te
181 1183 234 1232 alio
245 1198 351 1247 pravum
362 1180 504 1232 detorseris.
537 1183 684 1244 Avidienus‚
757 1193 759 1196 '

110 1265 157 1316 uui
170 1264 248 1316 Canis
259 1282 290 1316 ex
300 1281 360 1315 vero
371 1263 465 1314 dictum
475 1281 609 1337 cognomen
621 1266 740 1326 adhaeret,

109 1347 289 1412 Quinquennes
301 1348 368 1397 oleas
381 1353 420 1397 est
431 1353 457 1397 et
468 1348 596 1398 silvestria
606 1365 689 1409 corna,

108 1433 147 1481 Ac
157 1430 207 1481 nisi
218 1437 343 1480 mutatum
354 1430 434 1496 parcit
445 1430 579 1481 defundere
590 1431 679 1482 vinum
690 1439 722 1493 et,
887 1445 938 1484 mue.
951 1441 973 1482 S.
983 1442 1002 1480 t.
1011 1440 1030 1480 8.
1040 1438 1073 1477 50.

110 1512 187 1579 Cujus
200 1513 299 1564 odorem
310 1513 358 1562 olei
371 1529 477 1577 nequeas
488 1515 605 1578 perferre,
616 1514 704 1564 licebit

63 1602 94 1649 60
110 1598 159 1648 Ille
170 1597 276 1662 repotia,
288 1597 385 1646 natales
397 1596 491 1646 aliosve
503 1595 599 1646 dierum

110 1680 199 1730 Festos
210 1679 311 1728 albatus
322 1679 437 1737 celebret,
449 1695 526 1727 cornu
537 1678 591 1744 ipse
602 1678 690 1729 bilibri

112 1762 233 1813 caulibus
244 1760 361 1820 instillat,
373 1761 465 1811 veteris
476 1777 526 1810 non
537 1778 627 1826 parcus
638 1762 709 1812 aceti.

112 1845 188 1902 Quali
199 1845 277 1909 igitur
287 1844 357 1894 victu
368 1844 469 1908 sapiens
481 1848 584 1895 utetur?
601 1845 726 1895 ethorum
888 1857 921 1907 63.
935 1855 1072 1897 0.1.31.15.

112 1928 206 1978 Utrum
217 1927 376 1977 imitabitur?
403 1928 460 1977 Hac
470 1934 543 1991 urget
553 1929 635 1993 lupus,
642 1928 688 1978 hac
699 1927 776 1988 cauis,
786 1924 864 1978 aiunt

67 2013 97 2061 65
114 2009 226 2060 Mundus
238 2009 287 2058 erit
297 2025 346 2074 qua
357 2026 407 2058 non
419 2008 529 2058 offendat
539 2009 654 2059 sordibus
665 2017 739 2074 atque

115 2093 147 2142 In
159 2099 274 2141 neutram
284 2097 382 2156 partem
393 2092 474 2140 cultus
485 2091 569 2142 miser.
602 2092 654 2142 Hic
664 2109 742 2157 neque
754 2091 833 2142 servis

93 2169 95 2172 ¹
116 2174 206 2225 Albuti
217 2174 285 2223 senis
296 2174 415 2239 exemplo,
428 2173 487 2223 dum
498 2174 584 2223 munia
595 2175 668 2235 didit,
891 2205 949 2235 mun,
958 2203 977 2233 υ,
986 2193 1019 2231 81.

116 2258 202 2308 Saevus
214 2257 269 2317 erit,
282 2274 326 2307 nec
337 2256 373 2307 sic
384 2264 413 2306 ut
424 2256 532 2322 simplex
542 2258 645 2308 Naevius
656 2265 757 2308 unctam
959 2243 983 2283 ⁰·
994 2243 1041 2282 Μ·
1052 2243 1071 2279 2.

117 2340 237 2392 Convivis
245 2339 367 2405 praebebit
375 2356 478 2404 aquam:
490 2339 632 2391 vitiumhoc
640 2358 735 2406 quoque
742 2357 866 2406 magnum.
890 2365 944 2406 proe.
957 2353 979 2394 s.
988 2353 1008 2393 l.
1017 2353 1037 2392 4.
1046 2351 1078 2391 88.

71 2429 100 2480 70
116 2424 208 2489 Accipe
221 2440 293 2482 nunc,
305 2423 386 2473 victus
397 2423 480 2473 tenuis
491 2439 546 2488 quae
557 2430 697 2489 quantaque
709 2441 791 2475 secum

117 2508 221 2558 Afferat.
256 2508 288 2557 Iu
299 2506 388 2572 primis
398 2507 483 2557 valeas
495 2507 571 2556 bena:
590 2523 649 2556 nam
659 2507 735 2558 varias
746 2525 786 2558 res

118 2593 156 2643 Ut
166 2597 273 2641 noceant
282 2589 385 2650 homini,
397 2589 483 2640 credas
494 2606 587 2639 memor
598 2590 667 2639 illius
679 2607 747 2650 escae,
835 2627 838 2632 .

145 2752 178 2792 48.
191 2761 266 2800 aequor
274 2750 354 2791 alebat.
446 2750 478 2790 51.
492 2760 575 2792 suaves.
664 2752 696 2790 55.
709 2761 795 2799 pravus.

146 2817 178 2856 66.
192 2816 292 2857 ductum.
445 2814 569 2863 detergas.
665 2814 756 2863 etqui.
