2475 3284
1052 1 1144 8 νν-νν--ι-ιιωΊ
1153 3 1184 8 ,nv
1191 3 1197 4 ff
1226 5 1228 8 ,

257 211 510 266 EPISTOLARUM
526 215 591 267 ΗΒ.
608 211 630 267 Ι.
647 214 717 268 xviii.
1047 215 1105 276 265

132 349 333 399 Perconteterem
344 348 432 412 fugito,
444 365 502 398 nem
513 350 628 413 garrulus
639 349 705 399 idem
716 354 763 409 est,

86 435 115 487 70
132 433 185 482 Nec
195 431 305 481 retinent
315 432 408 496 petulae
419 431 550 482 commisse
561 431 669 482 fideliter
679 447 759 491 aures,
907 445 958 474 com-
971 434 992 475 S.
1002 435 1022 475 1.
1030 435 1050 475 4.
1059 436 1091 476 84.

132 515 167 565 Et
178 515 254 565 semel
265 513 383 564 emissum
393 514 464 564 volnt
474 513 635 564 irrevocabile
645 516 757 564 uerbum.
906 520 947 559 or.
961 520 988 559 A.
997 518 1022 559 P.
1031 520 1077 561 390.

131 599 189 648 Non
200 598 292 648 ancilla
302 604 373 648 tuum
380 595 451 663 jecur
462 598 556 647 ulceret
565 599 619 647 ulle
630 614 722 662 puerve

131 681 204 730 Intra
214 696 379 730 marmoreum
389 680 524 729 venerandi
534 680 612 729 limen
623 680 705 740 amici,

131 764 170 813 Ne
181 763 296 812 dominus
307 762 377 828 pueri
388 762 485 828 pulchri
496 778 590 813 ceraere
601 765 692 829 puellae

85 850 114 902 75
131 846 237 897 Munere
247 852 273 895 te
283 861 361 911 perro
371 846 429 895 beet
439 851 484 894 eut
494 844 664 895 incommodus
675 852 758 910 angat.

131 930 237 986 Qualem
259 928 421 989 commendes,
442 929 519 978 etiem
538 935 612 995 etque
632 928 708 978 etiam
725 928 831 994 adspice,
849 945 880 978 ne

229 1028 288 1061 mox
384 1060 388 1067 ,

130 1095 259 1145 Incutiant
269 1095 352 1144 aliens
362 1094 410 1144 tibi
421 1102 522 1160 peccate
532 1094 659 1160 pudorem.

129 1177 253 1227 Fallimur
263 1183 289 1227 et
299 1176 423 1241 quondam
434 1194 483 1227 non
496 1177 599 1241 dignum
609 1177 746 1227 tradimus:
763 1192 821 1242 ergo
903 1186 944 1222 tra.
958 1183 983 1223 Ε.
993 1184 1012 1224 1.
1021 1184 1041 1224 9.
1050 1185 1070 1225 3.

129 1261 209 1316 Quem
221 1276 266 1309 sua
277 1261 350 1324 culpa
360 1265 463 1324 premet,
475 1258 591 1325 deceptus
603 1260 691 1310 omitte
702 1260 775 1319 tueri,

83 1347 113 1394 80
128 1344 166 1393 Ut
176 1343 276 1408 penitus
287 1349 382 1402 notum,
394 1342 416 1392 si
427 1349 551 1408 temptent
561 1342 674 1403 crimine,
687 1360 771 1393 serres

128 1425 275 1490 Tuterisque
286 1431 330 1475 tuo
341 1425 459 1475 fidentem
469 1425 601 1490 proesidio;
619 1425 663 1490 qui

128 1509 209 1559 Dente
221 1508 349 1558 Theonino
360 1524 416 1557 cum
427 1508 623 1568 circumroditur,
635 1508 722 1573 ecquid
901 1509 939 1549 cir.
953 1509 975 1550 s,
985 1511 1003 1550 1.
1012 1512 1032 1551 4.
1041 1512 1074 1554 sl.

127 1591 168 1642 Ad
178 1598 204 1641 te
214 1597 272 1656 post
282 1592 357 1656 paulo
367 1598 473 1641 ventura
484 1592 594 1656 periculo
605 1591 684 1640 sentis
693 1593 706 1641 l

126 1675 193 1723 Nam
203 1681 248 1724 tue
258 1691 299 1723 res
310 1673 400 1738 agitur,
412 1674 495 1738 peries
506 1691 562 1723 cum
573 1674 702 1740 proximus
714 1673 792 1734 ardet,

81 1761 110 1808 85
126 1758 160 1807 Et
171 1758 283 1821 neglecte
295 1756 376 1806 solent
386 1755 500 1806 incendic
511 1773 607 1806 sumere
617 1755 692 1807 vires.

126 1840 213 1890 Dulcis
224 1839 360 1904 inexpertis
372 1840 470 1888 cultura
480 1839 589 1903 potentis
600 1838 690 1889 emici:

125 1924 251 1989 Expertus
262 1922 359 1973 metuit.
392 1922 438 1981 Tu,
451 1922 510 1971 dum
521 1928 565 1972 tue
576 1922 648 1972 nevis
660 1922 686 1972 in
698 1923 750 1973 alto
761 1929 807 1983 est,
901 1932 939 1981 ru,
951 1932 978 1973 A.
987 1932 1013 1974 P.
1022 1934 1067 1974 385.

118 2008 180 2057 'Hoc
190 2023 244 2071 ege,
257 2023 288 2056 ne
298 2011 396 2055 mutate
406 2011 542 2055 retrorsum
553 2011 578 2054 te
589 2005 655 2055 terat
666 2021 735 2055 oure.
885 2014 1096 2056 'scemurense

124 2091 238 2140 Oderunt
247 2091 353 2140 hilarem
364 2089 450 2140 tristes
461 2088 606 2153 tristemque
613 2087 701 2154 jocosi,

77 2179 107 2225 90
124 2175 242 2225 Sedetum
252 2175 351 2234 celeres,
362 2174 454 2238 agilem
465 2189 603 2237 novumque
614 2173 729 2233 remissi,

125 2259 240 2325 [Potcres
251 2258 332 2307 bibuli
343 2257 425 2308 medie
435 2257 466 2308 de
478 2264 548 2307 nocte
559 2257 672 2323 Falerni]
854 2311 859 2332 ἱ

123 2342 237 2392 Oderunt
247 2348 359 2407 porrecta
370 2348 502 2405 negantem
512 2342 608 2406 pocula,
619 2341 733 2406 quemvis
776 2369 808 2412 χ,
931 2367 934 2388 ‹

122 2422 282 2475 Nocturnos
271 2441 341 2490 Jures
353 2431 378 2473 te
389 2424 522 2474 formidare
533 2441 646 2489 vapores.
751 2425 752 2430 ’
841 2403 856 2422 ’

74 2594 105 2643 95
125 2592 235 2657 Occupet
245 2590 344 2641 obscuri
356 2590 469 2656 speciem,
481 2590 620 2639 taciturnus
633 2590 723 2640 acerbi.
788 2611 828 2676 Χ

121 2674 193 2724 Inter
203 2681 292 2724 cuncte
302 2675 370 2739 leges
381 2679 407 2724 et
416 2673 591 2738 percontabere
602 2672 695 2732 doctos,

145 2806 179 2848 69.
192 2806 298 2849 ricemer.
406 2807 441 2849 81.
454 2805 548 2848 rueme
657 2807 690 2847 93.
703 2808 795 2856 tepores
