2475 3284
249 218 444 270 rrlsrotffl
450 220 504 271 ΠΜ
516 220 582 270 LIB.
600 220 635 270 II.
653 220 671 272 i.
1023 224 1082 286 275

121 352 236 401 Disceret
246 351 312 401 unde
323 368 416 417 preces,
428 360 511 403 vetem
523 353 549 402 ni
560 353 637 402 Musa
648 352 776 403 dedisset?

120 435 207 485 Poscit
218 452 290 500 opem
301 436 390 485 chorus
402 443 428 485 et
439 435 571 501 presentie
583 436 687 485 numina
699 436 784 495 sentit,
882 456 936 493 proe.
950 445 974 484 c.
985 446 1002 485 1.
1013 445 1044 484 35.
1054 446 1074 484 2.

57 522 103 568 135
123 520 241 569 Gaelestes
253 519 372 584 implorat
383 536 460 583 aquas
471 519 544 569 docta
554 536 626 584 prece
637 519 753 578 blandus,

123 601 225 651 Avertit
235 602 343 660 morbos,
355 602 488 651 metuenda
499 602 609 667 pericula
620 602 700 666 pellit,

123 685 249 748 Impetrat
260 690 286 733 et
296 701 381 749 pacem
393 691 419 734 et
429 685 577 749 locupletem
588 685 703 748 frugibus
714 702 815 734 annum.

124 766 241 817 Carmine
253 766 279 816 di
292 767 375 832 superi
386 768 524 832 placantur,
537 767 646 818 carmine
657 765 754 817 Manes,

122 850 247 913 Agricolae
257 850 341 915 prisci,
353 851 430 901 fortes
442 867 566 915 parvoque
578 851 654 910 beati,

57 936 105 983 140
124 932 233 982 Condita
243 940 301 998 post
311 934 438 984 frumenta
448 935 560 984 levantes
573 941 683 998 tempore
696 936 760 983 festo

124 1015 222 1080 Corpus
234 1022 259 1063 et
269 1015 352 1080 ipsum
363 1016 475 1065 animum
486 1033 529 1081 spe
541 1016 599 1066 finis
611 1017 675 1066 dure
686 1018 814 1076 ferentem,

124 1099 189 1148 Cum
200 1097 273 1148 sociis
285 1115 394 1163 operum,
406 1098 489 1164 pueris
501 1106 526 1148 et
537 1097 640 1163 conjuge
651 1099 708 1159 fida,

124 1181 251 1230 Tellurem
262 1198 343 1246 porco,
356 1182 560 1231 Silvanumlucte
570 1182 684 1247 piabant,
886 1194 924 1232 Sil.
938 1193 976 1240 Ep.
987 1194 1005 1232 2.
1016 1193 1047 1231 22.

125 1263 243 1314 Floribus
254 1270 280 1315 et
289 1264 349 1314 vino
360 1264 468 1313 Genium
478 1280 610 1314 memorem
623 1264 707 1315 brevis
718 1266 772 1315 aevi.
888 1278 943 1316 Gen,
950 1276 975 1315 Ε.
984 1277 1003 1315 r.
1013 1278 1034 1316 a*
1041 1276 1085 1316 187.

61 1350 108 1397 145
124 1347 280 1398 Fescennina
291 1364 336 1412 per
345 1347 411 1396 hunc
421 1346 524 1396 inventa
535 1347 637 1397 licentia
647 1364 740 1397 morem

126 1428 248 1482 Versibus
259 1428 363 1480 alternis
375 1428 508 1494 opprobria
519 1429 613 1478 rustice
624 1428 698 1489 fudit,

125 1511 290 1576 Libertasque
301 1518 455 1562 recurrentes
466 1519 567 1576 eccepto
578 1529 623 1577 per
634 1529 712 1561 annos

126 1595 201 1644 Lusit
211 1594 360 1654 amabiliter,
373 1594 449 1644 donec
456 1592 511 1659 jam
524 1611 605 1645 saevus
616 1602 729 1658 apertam

125 1679 158 1727 In
169 1678 266 1728 rabiem
276 1678 351 1742 coepit
360 1676 426 1728 verti
433 1673 505 1742 jocus
516 1684 542 1727 et
553 1694 597 1741 per
607 1676 725 1726 honestas

4 1757 5 1798 j
60 1764 108 1810 150
126 1761 168 1809 Ire
181 1761 266 1811 domos
277 1760 378 1825 impune
389 1760 483 1810 minex.
517 1760 625 1809 Doluere
636 1768 738 1809 cruento

126 1845 209 1894 Dente
220 1843 344 1903 lacessiti3
362 1842 411 1893 fuit
422 1842 524 1892 intactis
535 1860 631 1908 quoque
642 1860 702 1893 cure
887 1857 924 1895 inf.
938 1855 959 1895 S.
969 1856 988 1894 2.
998 1855 1017 1894 1.
1028 1855 1060 1893 tt.

128 1925 277 1976 condicione
289 1925 511 1991 supercommuni3
528 1925 589 1991 quin
601 1925 730 1976 etiemlex
887 1939 1060 1988 (cesaree.

127 2008 252 2073 Poenaque
262 2010 322 2069 leta,
334 2010 400 2058 malo
411 2025 466 2073 quae
477 2009 556 2058 nollet
566 2008 675 2058 carmine
686 2026 834 2074 quemquem
936 1991 963 2029 A.
975 1990 1000 2029 P.
1009 1989 1054 2029 ²⁸⁹·

130 2091 259 2151 Describi;
276 2099 372 2142 vertere
381 2091 491 2151 modum,
503 2090 636 2140 formidine
647 2091 723 2141 fustis

62 2176 110 2225 165
128 2174 170 2225 Ad
181 2175 243 2224 bene
255 2173 385 2224 dicendum
396 2172 615 2237 delectandumque
626 2172 728 2223 redacti.

128 2256 225 2307 Graeeia
235 2262 308 2322 cepte
319 2258 399 2307 fenum
410 2256 529 2307 victorem
540 2256 606 2320 cepit
617 2262 644 2305 et
654 2263 721 2305 artes

128 2340 222 2404 Intulit
231 2340 325 2404 agresti
336 2339 423 2400 Latio;
441 2338 477 2388 sic
486 2337 601 2389 horridus
613 2337 657 2387 ille

128 2423 241 2473 Defluxit
251 2439 368 2473 numerus
380 2421 518 2482 Saturnius,
532 2427 557 2471 et
567 2437 643 2485 greve
653 2419 723 2469 uirus

131 2494 264 2557 Munditiae
275 2507 406 2572 pepulere3
424 2504 505 2555 sedin
517 2506 618 2568 longum
629 2509 713 2554 tamen
724 2520 804 2553 aevum

4 2593 5 2656 j
60 2595 108 2642 160
127 2590 277 2640 Manserunt
288 2588 407 2653 hodieque
418 2594 521 2637 manent
531 2585 638 2650 vestigia
649 2585 723 2636 ruris.

128 2674 203 2723 Serus
215 2672 282 2722 enim
293 2672 386 2722 Graecis
397 2670 509 2721 admovit
519 2670 633 2720 acumine
644 2667 746 2728 chartis,

4 2721 6 2810 l
129 2757 164 2806 Et
174 2763 232 2821 pest
242 2755 337 2805 Punica
348 2755 415 2805 belle
426 2754 524 2818 quietus
535 2768 643 2817 quaerere
655 2751 735 2816 coepit,

445 2839 480 2877 Ἠ
711 2835 713 2842 ⁴
