2475 3284
555 267 557 270 v
605 198 632 259 o.
649 198 789 249 acanus
805 198 930 249 annom

359 329 501 380 Defendens
512 329 592 396 pisces
603 331 698 381 hiemat
708 348 790 381 mare:
808 348 864 381 cum
875 332 927 381 sale
938 329 1011 396 panis

359 413 510 479 Labentem
517 414 672 464 stomachum
684 417 746 465 bene
756 414 841 465 leniet.
874 415 948 464 Unde
959 420 1033 479 putas
1045 415 1090 464 aul

360 495 410 551 Qui
421 499 539 560 parium?
572 497 630 547 Non
641 498 669 547 in
680 515 737 548 earo
748 497 834 548 nidore
845 499 961 563 voluptas

361 578 469 640 Summa,
482 579 563 630 sedin
574 587 600 630 te
611 581 667 645 ipso
678 586 725 632 eet.
758 582 797 630 Tu
807 578 974 646 pulmentaria
985 595 1067 643 quaere
1129 580 1168 626 20

362 661 492 711 Sudando:
510 662 629 727 pinguem
639 662 710 712 vitiis
723 664 855 728 albumque
866 679 945 727 neque
956 668 1039 711 ostrea

361 744 414 793 Nec
426 760 509 794 scanie
521 750 565 794 aut
576 745 668 809 poterit
678 745 808 811 peregrina
815 744 904 810 juvare
915 745 1003 809 lagois.

287 828 294 840 ⁶
361 827 412 877 Vix
421 834 505 878 tamen
516 828 628 893 eripiam,
640 828 722 894 posioo
733 845 829 893 pavone
840 827 903 878 velis
914 827 973 892 quin

362 910 419 960 Hoc
428 911 511 975 potius
523 926 597 976 quam
608 911 703 975 gallina
714 918 809 974 tergere
819 911 940 975 palatum,

364 994 500 1058 Corruptus
511 993 583 1043 vanis
594 1010 684 1054 rerum,
698 993 757 1058 quia
767 1000 857 1043 veneat
868 1009 929 1042 auro
1131 994 1167 1041 25

363 1075 433 1125 Rara
443 1075 498 1125 avis
510 1082 535 1125 et
546 1075 614 1140 pieta
624 1074 720 1141 pandat
731 1076 871 1141 spectacula
882 1075 967 1135 cauda,

364 1158 502 1222 Tamquam
512 1158 545 1207 ad
555 1175 609 1207 rem
619 1158 728 1208 attineat
737 1159 875 1223 quicquam.
909 1159 977 1207 Num
987 1156 1094 1207 vesceris
1105 1156 1157 1206 ista

365 1241 446 1296 Quam
456 1240 545 1290 laudas
556 1242 663 1306 pluma?
680 1248 748 1291 cocto
759 1257 819 1290 num
830 1240 902 1290 adest
912 1240 991 1290 honor
1002 1240 1087 1289 idem?

366 1324 449 1373 Carne
457 1328 548 1382 tamen,
560 1323 674 1387 quamvis
685 1323 764 1372 dietat
774 1324 818 1382 nil,
829 1323 877 1373 hac
887 1322 967 1387 magis
978 1323 1031 1373 illa.

366 1404 509 1469 Imparibus
521 1403 607 1454 formis
619 1405 748 1470 deceptum
759 1411 784 1455 te
795 1412 872 1469 patet.
906 1405 981 1455 Esto:
1134 1407 1168 1454 30

367 1487 441 1536 Unde
451 1487 538 1536 danum
550 1488 636 1547 sentis,
648 1488 722 1553 lupus
733 1488 774 1537 hic
785 1488 918 1537 Tiberinus
929 1505 962 1538 an
973 1489 1026 1538 alto

368 1572 462 1635 Captus
473 1570 534 1629 hiet,
546 1577 665 1635 pontesne
676 1571 743 1620 inter
749 1569 859 1636 jactatus
871 1587 904 1620 an
915 1571 996 1620 amnis

368 1653 440 1702 Ostia
451 1654 498 1702 sub
509 1653 601 1703 Tusci?
635 1653 741 1714 laudas,
754 1654 848 1715 insane,
860 1654 984 1704 trilibrem

367 1736 484 1795 Mullum,
496 1736 523 1785 in
536 1736 634 1800 singula
645 1753 717 1801 quem
729 1736 826 1786 minuas
837 1738 965 1802 pulmenta
977 1754 1075 1788 necesse
1087 1743 1134 1787 esa

368 1819 445 1870 Ducit
455 1826 480 1870 te
492 1819 593 1883 species,
604 1819 685 1870 video.
720 1821 774 1875 Quo
784 1820 894 1885 pertinet
904 1836 962 1885 ergo
1138 1822 1170 1869 35

369 1905 486 1952 Proceros
498 1901 579 1951 odisse
591 1903 684 1967 lupos?
700 1902 759 1966 quia
770 1901 865 1952 scilicet
876 1902 928 1952 illis

369 1983 491 2049 Majorem
502 1990 591 2033 natura
601 1984 702 2033 modum
713 1984 789 2042 dedit,
800 1984 840 2034 his
851 1986 925 2035 breve
936 1984 1040 2050 pondus.

369 2068 387 2118 J
388 2066 476 2132 ejunus
486 2083 543 2116 rano
555 2067 694 2116 stomachus
705 2067 818 2131 volgaria
828 2067 925 2117 temnit.

370 2151 514 2200 Porrectum
525 2166 615 2214 magno
626 2166 743 2214 magnum
756 2157 866 2215 spectare
877 2149 959 2199 catino

205 2242 227 2282 S.
237 2242 257 2281 a.
266 2241 285 2280 7.
295 2239 339 2279 111.
371 2233 476 2292 Vellem,
488 2232 525 2282 ait
535 2233 657 2299 Harpyiis
668 2234 728 2297 gula
739 2234 815 2297 digna
825 2232 964 2297 rapacibus.
997 2234 1034 2282 At
1044 2248 1098 2291 vos,
1140 2236 1175 2281 40

207 2293 233 2334 Ε
243 2294 262 2333 1.
271 2292 291 2331 ⁶⁶
300 2291 333 2331 Μ’
372 2316 511 2366 Praesentes
522 2316 617 2376 Austri,
630 2316 726 2380 coquite
737 2316 825 2364 horum
837 2315 947 2365 obsonia.
981 2315 1140 2381 Quamquam

372 2398 449 2447 Putet
460 2415 519 2463 aper
529 2397 695 2462 rhombusque
705 2414 797 2456 recens,
809 2398 875 2446 mala
885 2397 956 2462 copia
967 2398 1066 2463 quando

374 2483 480 2545 AEgrum
491 2480 610 2530 sollicitat
622 2480 783 2539 stomachum,
796 2496 850 2528 cum
862 2481 950 2544 rapula
961 2481 1050 2545 plenus

151 2574 196 2611 inu.
210 2570 231 2610 S.
241 2570 260 2610 a.
270 2568 290 2610 8.
299 2568 331 2608 51.
374 2566 455 2629 Atque
467 2562 550 2612 acidas
561 2562 656 2611 mavolt
667 2561 757 2610 inulas.
791 2561 902 2612 Necdum
913 2564 994 2614 omnis
1006 2565 1096 2615 abacta

149 2244 192 2292 ost.

451 2720 483 2761 ao.
497 2719 591 2769 nipast.
692 2721 724 2758 ae.
737 2720 805 2769 suam,
814 2722 831 2761 e.
841 2722 863 2761 s.
943 2724 975 2764 eo.
988 2726 1067 2774 petere,
1076 2724 1098 2765 s.

556 2784 588 2824 a.
603 2782 614 2823 a
627 2784 738 2823 namet.
839 2787 871 2826 aa.
884 2786 991 2836 vulgara
