2475 3284
235 213 429 264 OARMHVUM
445 213 511 264 ΗΒ.
528 215 575 264 III.
592 213 628 264 iii.

168 346 221 396 Hac
232 353 257 396 te
267 353 410 405 merentem,
422 346 516 396 Bacche
527 354 605 412 pater,
617 354 667 396 tnae

167 430 259 479 Vexere
270 429 354 494 tigres,
366 429 467 479 indocili
473 426 562 495 jugum

200 513 269 562 Collo
280 512 414 561 trahentes.
447 512 503 561 Hac
514 511 634 568 Quirinus

232 594 324 644 Martis
335 594 404 658 equis
415 594 555 644 Acheronta
566 594 639 658 fugit,

168 698 272 746 Gratum
284 698 379 747 elocuta
390 697 580 748 consiliantibus

169 781 265 831 Junone
276 779 342 829 divis
351 786 399 829 :—‘
408 779 482 840 Ilion,
495 779 561 829 Ilion

201 863 297 913 Fatalis
308 863 463 927 incestusque
471 860 549 928 judex

233 946 268 995 Et
278 946 368 995 mulier
379 945 509 1011 peregrina
519 945 596 995 vertit

157 1049 199 1099 ‘In
210 1049 351 1114 pulverem;
368 1065 399 1098 ex
410 1066 458 1113 quo
469 1048 584 1098 destituit
594 1049 654 1099 deos

171 1131 281 1181 Mercede
292 1139 365 1197 pacta
375 1130 524 1189 Laomedon,
535 1131 597 1179 mibi
630 1157 637 1168 .

203 1216 331 1279 Castaque
341 1213 488 1263 damnatum
498 1212 622 1262 Minervas

236 1297 298 1347 eum
309 1297 401 1361 populo
411 1302 438 1345 et
448 1295 509 1345 duce
519 1295 686 1346 fraudulento.

62 1414 72 1450 ¹.
158 1401 228 1451 ‘Jam
239 1417 283 1450 nec
293 1400 403 1450 Iacaenae
415 1398 530 1464 splendet
539 1399 660 1450 adulterae

172 1483 192 1534 F
192 1499 290 1532 amasus
300 1483 398 1547 hospes,
410 1498 455 1531 nec
465 1481 560 1530 Priami
572 1481 660 1531 domus

203 1564 306 1631 Perjura
316 1581 440 1630 pugnaces
451 1564 560 1614 Achivos

235 1647 364 1698 Hectoreis
375 1647 464 1712 opibus
475 1647 604 1711 refringit:

159 1751 316 1816 ‘Nostrisque
327 1750 429 1800 ductum
440 1750 604 1800 seditionibus
650 1787 655 1795 .

172 1834 268 1884 Bellum
278 1834 377 1884 resedit
411 1834 529 1884 Protinus
541 1841 566 1884 et
577 1851 666 1898 graves

203 1917 265 1976 Irae,
277 1923 303 1966 et
313 1916 422 1966 inrisum
433 1925 555 1983 nepotem,

236 1999 324 2049 Troica
333 2017 406 2064 quem
418 2000 514 2065 peperit
525 1999 647 2059 sacerdos,

159 2103 248 2152 ‘Marti
259 2102 392 2153 redonabo.
426 2104 503 2152 Illum
514 2120 559 2167 ego
570 2103 666 2153 lucidas

173 2186 238 2235 Inire
249 2186 327 2246 sedes,
338 2186 427 2236 ducere
438 2186 544 2235 nectaris

204 2269 286 2328 Suros,
298 2276 324 2317 et
334 2268 442 2318 adscribi
453 2268 544 2332 qnietis

236 2351 372 2401 Ordinibus
383 2351 466 2416 patiar
475 2351 584 2402 deorum.

159 2454 237 2504 ‘Dum
246 2456 336 2519 longus
347 2454 413 2504 inter
422 2455 511 2504 saeriat
521 2455 587 2504 Ilion

173 2537 323 2603 Romamque
334 2544 432 2602 pontus,
444 2538 556 2602 qualibet
566 2538 663 2588 exsules

204 2622 234 2671 In
245 2627 317 2685 parte
327 2627 447 2683 regnanto
457 2620 538 2670 beati:

236 2703 303 2753 Dum
313 2702 407 2752 Priami
419 2702 563 2769 Paridisque
575 2703 648 2754 busto

371 2810 403 2848 34.
416 2808 504 2850 dimers-

430 2887 447 2921 Ρ

861 1423 893 1462 25.
907 1412 959 1452 C.1.
970 1412 1001 1450 15.
1011 1411 1030 1450 2.

942 1465 962 1502 4.
972 1464 991 1500 9.
1001 1463 1033 1501 13.

857 1517 914 1563 sona.
928 1514 981 1553 (1.3.
991 1514 1022 1552 15.
1031 1515 1051 1552 3.

861 1661 893 1699 28.
906 1659 931 1699 Ο.
939 1660 959 1698 4.
969 1659 988 1697 9.
998 1659 1030 1698 22.

863 2022 894 2062 32.
908 2011 932 2051 C.
942 2014 961 2051 1.
970 2014 990 2051 a.
1001 2012 1032 2051 11.

944 2065 964 2102 4.
973 2065 992 2102 8.
1002 2065 1034 2102 12.

862 2125 907 2162 red.
920 2123 944 2162 C.
954 2124 972 2162 2.
982 2123 1001 2161 7.
1011 2124 1030 2161 3.

862 2200 908 2237 duc.
921 2198 945 2237 C.
956 2199 974 2236 l.
985 2198 1015 2235 17.
1025 2197 1057 2236 aa.

952 2251 972 2287 4.
982 2249 1013 2286 la.
1023 2249 1055 2286 14.
