2475 3284
261 227 514 279 EPISTOLARUM
526 227 592 277 ΗΒ.
610 227 645 278 II.
662 227 679 278 i.
1032 226 1092 288 273

134 360 256 425 Indignor
266 360 396 425 quiequam
407 359 563 425 reprehendi,
576 376 626 409 non
637 359 696 425 quia
707 377 791 410 crasse
826 345 829 428 l

134 443 306 508 Compositum
317 443 449 507 illepideve
461 449 570 508 putetur,
583 443 627 492 aed
637 443 696 507 quia
707 460 800 508 nuper;
827 431 830 492 l
893 455 925 494 ill.
938 453 965 493 A.
976 453 1000 494 P.
1009 452 1054 493 27³.

134 527 186 577 Nee
196 526 296 575 veniam
307 525 424 590 antiquis,
437 526 481 575 sed
491 526 609 575 honorem
622 531 648 574 et
658 526 761 590 praemia
772 509 848 592 posci.

135 609 211 660 Recte
223 624 298 658 necue
310 624 406 657 erocum
417 610 539 672 floresque
550 610 706 672 perambulet
716 612 784 659 Attae

85 696 117 741 80
135 691 232 740 Fabula
243 690 265 739 si
277 689 395 750 dubitem,
407 692 516 740 clament
526 689 630 755 periisse
642 691 760 755 pudorem

137 772 226 824 Cuincti
237 789 308 837 paene
319 780 412 837 patres,
425 790 455 823 ea
465 790 521 822 eum
532 773 711 838 reprehendere
722 791 803 835 coner,

136 857 197 911 Quae
208 854 293 920 mavis
305 857 422 921 AEsopus,
434 872 489 920 quae
500 856 586 905 doetus
598 856 703 906 Roscius
715 857 792 921 egitz'

135 939 183 987 Vel
193 938 252 1004 quia
264 938 301 987 nil
312 945 414 997 rectum,
427 939 476 987 nisi
488 938 554 1003 quod
565 940 660 1004 placuit
672 940 728 999 eibi,
741 941 841 1001 ducunt,

135 1021 183 1070 Vel
193 1021 252 1086 quia
262 1027 335 1086 turpe
346 1028 438 1086 putant
448 1038 535 1086 parere
546 1021 686 1071 minoribus
698 1029 730 1083 et,
743 1040 798 1087 quoe

86 1108 118 1155 85
136 1104 247 1154 imberbi
258 1103 374 1163 didicere,
387 1120 458 1153 senes
469 1104 595 1170 perdenda
606 1105 689 1154 fateri.
895 1121 947 1161 Jma,
961 1120 988 1161 Α,
997 1120 1025 1160 Ρ,-
1033 1122 1068 1159 161

137 1188 154 1236 J
155 1203 194 1235 am
207 1185 302 1235 Saliare
312 1187 402 1235 Numae
412 1203 511 1236 tarmen
523 1186 565 1251 qui
577 1187 666 1236 laudat
676 1194 702 1236 et
712 1186 784 1247 illud,

137 1269 209 1326 Quod
220 1286 316 1319 mecum
327 1269 433 1333 ignorat,
446 1271 514 1319 solue
525 1271 580 1319 volt
592 1270 654 1319 scire
665 1270 753 1331 videri,

138 1353 250 1420 Ingeniis
262 1369 311 1402 non
323 1353 367 1402 ille
378 1353 448 1403 favet
457 1352 602 1418 plauditque
614 1353 727 1418 sepultis,

138 1437 230 1486 Nostra
242 1436 286 1485 aed
296 1436 434 1501 impugnat,
447 1453 492 1485 nor
504 1442 637 1501 nostraque
648 1437 742 1488 lividus
754 1438 815 1489 edit.
897 1462 919 1491 n.
928 1453 950 1489 et
959 1461 980 1490 n.
990 1449 1017 1489 A.
1027 1450 1052 1490 P.
1062 1451 1094 1489 63.

86 1526 119 1571 90
138 1519 209 1577 Quod
221 1520 242 1569 ai
254 1526 307 1569 tam
317 1519 411 1569 Graecia
423 1519 522 1570 novitas
533 1519 617 1570 invisa
628 1521 718 1571 fuisset

137 1604 218 1660 Quam
230 1603 303 1653 nobie
305 1603 380 1668 ,quid
389 1620 454 1653 nune
463 1606 624 1654 eseetvetus?
639 1610 683 1653 aut
691 1603 752 1668 quid
760 1603 871 1664 haberet,

98 1686 209 1772 Quod
219 1687 314 1750 legeret
324 1692 463 1751 tereretque
474 1685 570 1736 viritim
581 1686 697 1750 publicus
709 1688 788 1736 usus?

107 1741 174 1818 Ut
184 1768 293 1834 primum
304 1769 394 1834 positis
405 1785 493 1832 nugari
486 1768 601 1817 Graecia
613 1767 687 1817 bellis

139 1852 219 1918 Coepit
230 1852 274 1902 et
267 1869 294 1901 m
305 1852 396 1901 vitium
407 1853 508 1900 fortuna
519 1851 599 1900 labier
610 1868 687 1916 aequa,

86 1938 120 1984 95
139 1936 211 1986 Nunc
221 1935 374 1985 athletarum
386 1933 483 1994 studiis,
496 1950 562 1983 nune
572 1933 636 1983 arsit
647 1952 772 1998 equorum.

139 2017 272 2068 Marmoris
284 2025 328 2068 aut
339 2017 420 2067 eberis
432 2018 517 2067 fabros
529 2022 574 2066 aut
584 2016 642 2066 aeria
653 2019 755 2078 amavit,
897 2021 930 2074 96.
943 2022 1067 2062 Ε.1.6.11.

140 2100 273 2167 Suspendit
284 2100 351 2165 picta
361 2102 459 2151 vultum
470 2106 626 2164 mentemque
637 2102 739 2160 tabella,
897 2115 930 2155 97·
943 2103 1065 2143 &bl-95·

139 2184 211 2234 Nune
221 2182 375 2242 tibicinibus,
388 2199 453 2232 nune
464 2189 504 2232 est
513 2178 601 2246 gavina
611 2183 729 2246 tragoedis
738 2201 744 2243 ;

140 2269 189 2317 Sub
201 2267 297 2317 nutrica
309 2267 393 2331 puella
404 2266 474 2315 velut
485 2266 505 2315 ei
519 2264 615 2315 luderet
627 2265 719 2325 infans,

72 2356 122 2400 100
141 2350 211 2408 Quod
221 2350 310 2416 cupide
322 2350 403 2415 petiit,
415 2356 512 2399 mature
523 2351 597 2415 plena
608 2349 717 2413 reliquit.

140 2434 204 2489 Quid
215 2435 298 2499 placet
309 2439 353 2483 aut
364 2432 421 2483 edio
432 2440 478 2492 est,
490 2433 556 2497 quod
566 2449 616 2482 non
627 2432 748 2482 mutabile
760 2433 863 2483 credas?

141 2517 194 2566 Hoe
205 2534 278 2582 paces
290 2516 398 2566 habuere
410 2518 481 2567 bonae
491 2515 607 2580 ventique
620 2514 729 2566 secundi.

141 2598 225 2649 Ramae
236 2599 307 2649 dulce
318 2600 362 2648 diu
373 2599 423 2649 fuit
433 2605 459 2649 et
470 2600 589 2648 sollemne
600 2599 696 2648 reclusa

142 2682 217 2731 Mane
229 2682 301 2732 domo
312 2682 425 2747 vigilare,
436 2681 522 2732 clienti
533 2698 645 2747 promere
652 2679 718 2747 jura,
900 2694 942 2733 104·
956 2682 978 2723 S·
988 2684 1006 2722 1.
1017 2683 1036 2721 1.
1047 2683 1078 2721 10.

128 2813 158 2853 ie.
172 2813 278 2861 reprendi.
368 2815 399 2855 aa.
413 2794 529 2855 murae.
618 2815 663 2855 101.
677 2814 773 2854 annosa

469 2892 485 2925 Τ
