2475 3284
127 226 186 286 124

124 433 311 474 Hmst4uffi

123 527 170 575 Syr.
184 525 208 565 0.
217 526 237 564 4.
247 524 266 564 2.
276 524 308 563 36.

127 1350 145 1388 5.
159 1339 183 1379 C.
192 1340 211 1378 4.
222 1340 241 1379 o.
251 1340 283 1378 18.

126 1427 170 1467 Jov.
184 1426 208 1466 G.
218 1427 237 1467 3.
247 1428 266 1466 5.
276 1427 308 1467 12.

127 1515 298 1563 nmnmm

128 1793 159 1821 ιο.
172 1781 196 1822 0.
207 1782 226 1822 3.
236 1783 267 1822 24.
277 1783 309 1822 29.

128 2414 159 2454 ¹7·
173 2403 226 2444 (1.3.
236 2404 268 2443 14.
279 2405 310 2445 14.

208 2456 228 2494 4.
237 2457 257 2493 5.
267 2456 286 2494 2.

128 2516 165 2545 rw.
179 2504 203 2545 G.
213 2507 232 2544 3.
242 2506 262 2544 3.
271 2507 291 2545 2.

128 2580 160 2619 19.
174 2568 198 2607 G.
208 2568 228 2607 1.
237 2568 270 2607 35.
279 2568 311 2606 39.

598 223 626 283 Q.
643 222 783 273 HORATI
799 221 927 272 FLACOI

484 358 519 407 Te
531 373 580 405 non
592 355 708 421 parentis
719 356 808 405 funere
818 354 909 404 Gallice

482 440 605 504 Duraeque
615 439 692 488 tellus
703 437 774 487 audit
784 437 897 487 Hiberiae
907 455 913 496 ;

514 518 549 568 Te
561 517 627 567 caede
638 517 775 581 gaudentes
786 516 919 581 Sygambri

548 599 700 665 Compositis
711 606 863 649 venerantur
873 597 958 648 armis.

722 804 778 855 XV.

483 964 596 1013 Pnfflrrs
607 964 732 1012 volentem
743 961 832 1026 proelia
843 978 882 1011 mc
894 960 962 1025 loqui

484 1047 569 1097 Victus
581 1053 607 1096 et
617 1047 699 1105 urbes,
712 1044 837 1110 increpuit
847 1045 917 1109 lyra:

517 1130 556 1179 Ne
566 1146 645 1194 parva
656 1128 812 1192 Tyrrhenum
823 1144 868 1192 per
878 1143 961 1191 aequor

489 1198 500 1233 s
550 1212 613 1261 Vela
623 1211 716 1260 durem.
749 1211 811 1270 Tua,
824 1211 916 1270 Caesar,
926 1216 986 1259 aetes

484 1320 579 1384 Fruges
590 1325 616 1368 et
627 1318 694 1382 agris
706 1317 805 1367 rettulit
816 1318 911 1378 uberes,

484 1403 519 1452 Et
530 1401 603 1466 signa
614 1408 700 1451 nostro
711 1400 823 1450 restituit
833 1401 851 1450 J
851 1399 900 1461 ovi,

517 1485 628 1549 Derepta
638 1484 789 1534 Parthorum
801 1483 915 1548 superbis

550 1567 677 1627 Postibus,
689 1573 715 1616 et
724 1583 829 1616 vacuum
840 1565 931 1616 dueliis

485 1677 502 1725 J
502 1691 578 1725 enum
589 1674 690 1732 Quirini
701 1674 799 1734 elausit,
811 1681 836 1724 et
847 1674 959 1724 ordinem

485 1758 591 1808 Rectum
603 1757 720 1822 evaganti
731 1759 803 1807 frene
813 1757 933 1807 Licentiae

518 1840 617 1907 Injecit‚
630 1840 770 1905 emovitque
781 1841 876 1905 cuipas,

551 1924 586 1973 Et
596 1930 692 1976 veteres
703 1923 830 1974 revocavit
840 1929 922 1972 artes:

484 2032 533 2081 Per
543 2047 605 2096 ques
617 2031 737 2080 Latinum
748 2047 838 2080 nornen
850 2037 876 2080 et
886 2030 960 2079 Itslae

486 2114 590 2164 Crevere
601 2112 676 2173 vires,
688 2116 803 2183 fameque
815 2119 840 2163 et
850 2112 939 2178 imperi

518 2197 636 2246 Porrecto
646 2193 764 2260 majestas
775 2194 808 2245 ud
819 2201 888 2245 ortus

551 2279 617 2329 Solis
629 2279 661 2328 ab
673 2278 797 2343 Hesperio
808 2277 893 2327 cubili.

486 2386 594 2437 Custode
605 2403 689 2435 rerum
701 2386 806 2444 Oaesere,
819 2402 869 2434 non
880 2386 949 2433 furor

486 2469 575 2520 Civilis
586 2474 632 2518 eut
641 2469 681 2518 vis
693 2469 776 2533 exiget
787 2468 873 2528 otium,

518 2553 575 2601 Non
587 2551 633 2610 ira,
645 2567 699 2615 quae
710 2550 825 2614 procudit
836 2567 914 2609 enses,

552 2634 587 2683 Et
597 2633 702 2683 miserus
714 2633 828 2682 inimicat
838 2635 921 2683 urbes.

503 2812 543 2847 κγ.
558 2805 590 2843 15.
603 2803 685 2843 crtum.
830 2842 832 2848 ,
868 2803 901 2843 18.
914 2802 1003 2843 eximet.
