<?xml version="1.0" encoding="UTF-8"?>
<!DOCTYPE html PUBLIC "-//W3C//DTD XHTML 1.0 Transitional//EN"
    "http://www.w3.org/TR/xhtml1/DTD/xhtml1-transitional.dtd">
<html xmlns="http://www.w3.org/1999/xhtml" xml:lang="en" lang="en">
 <head>
  <title>
</title>
<meta http-equiv="Content-Type" content="text/html;charset=utf-8" />
  <meta name='ocr-system' content='tesseract 3.04.00' />
  <meta name='ocr-capabilities' content='ocr_page ocr_carea ocr_par ocr_line ocrx_word'/>
</head>
<body>
  <div class='ocr_page' id='page_1' title='image "./horace00yonggoog_0236.png"; bbox 0 0 2475 3284; ppageno 0'>
   <div class='ocr_carea' id='block_1_1' title="bbox 129 1036 324 1164">
    <p class='ocr_par' dir='ltr' id='par_1_1' title="bbox 129 1036 324 1164">
     <span class='ocr_line' id='line_1_1' title="bbox 129 1036 324 1087; baseline -0.005 -9"><span class='ocrx_word' id='word_1_1' title='bbox 129 1040 174 1087; x_wconf 66' lang='lat' dir='ltr'>pyt.</span> <span class='ocrx_word' id='word_1_2' title='bbox 188 1036 212 1078; x_wconf 85' lang='lat' dir='ltr'>c.</span> <span class='ocrx_word' id='word_1_3' title='bbox 222 1038 241 1077; x_wconf 94' lang='lat'>1.</span> <span class='ocrx_word' id='word_1_4' title='bbox 251 1037 283 1076; x_wconf 80' lang='lat' dir='ltr'>ee.</span> <span class='ocrx_word' id='word_1_5' title='bbox 293 1038 324 1077; x_wconf 84' lang='lat'>14.</span> 
     </span>
     <span class='ocr_line' id='line_1_2' title="bbox 130 1122 310 1164; baseline 0.006 -3"><span class='ocrx_word' id='word_1_6' title='bbox 130 1124 175 1164; x_wconf 75' lang='lat' dir='ltr'>zaev.</span> <span class='ocrx_word' id='word_1_7' title='bbox 188 1122 209 1163; x_wconf 89' lang='lat' dir='ltr'>s.</span> <span class='ocrx_word' id='word_1_8' title='bbox 218 1123 238 1163; x_wconf 79' lang='grc'>1.</span> <span class='ocrx_word' id='word_1_9' title='bbox 250 1124 269 1163; x_wconf 93' lang='grc'>1.</span> <span class='ocrx_word' id='word_1_10' title='bbox 279 1122 310 1162; x_wconf 81' lang='grc'>11.</span> 
     </span>
    </p>
   </div>
   <div class='ocr_carea' id='block_1_2' title="bbox 603 225 931 289">
    <p class='ocr_par' dir='ltr' id='par_1_2' title="bbox 603 225 931 289">
     <span class='ocr_line' id='line_1_3' title="bbox 603 225 931 289; baseline 0.003 -13"><span class='ocrx_word' id='word_1_11' title='bbox 603 228 631 289; x_wconf 79' lang='lat' dir='ltr'>Q.</span> <span class='ocrx_word' id='word_1_12' title='bbox 649 225 788 277; x_wconf 77' lang='lat' dir='ltr'><em>HORAH</em></span> <span class='ocrx_word' id='word_1_13' title='bbox 803 226 931 277; x_wconf 67' lang='lat' dir='ltr'>Feruor</span> 
     </span>
    </p>
   </div>
   <div class='ocr_carea' id='block_1_3' title="bbox 356 358 990 424">
    <p class='ocr_par' dir='ltr' id='par_1_3' title="bbox 356 358 990 424">
     <span class='ocr_line' id='line_1_4' title="bbox 356 358 990 424; baseline 0.002 -15"><span class='ocrx_word' id='word_1_14' title='bbox 356 358 479 424; x_wconf 84' lang='lat' dir='ltr'>Majorem</span> <span class='ocrx_word' id='word_1_15' title='bbox 490 376 572 410; x_wconf 88' lang='lat' dir='ltr'>censu.</span> <span class='ocrx_word' id='word_1_16' title='bbox 606 360 710 420; x_wconf 83' lang='lat' dir='ltr'>Teneas,</span> <span class='ocrx_word' id='word_1_17' title='bbox 723 358 883 424; x_wconf 84' lang='lat' dir='ltr'>Damasippo,</span> <span class='ocrx_word' id='word_1_18' title='bbox 894 358 946 409; x_wconf 87' lang='lat' dir='ltr'>tuis</span> <span class='ocrx_word' id='word_1_19' title='bbox 957 366 990 410; x_wconf 84' lang='lat' dir='ltr'>te.</span> 
     </span>
    </p>
   </div>
   <div class='ocr_carea' id='block_1_4' title="bbox 340 442 1172 514">
    <p class='ocr_par' dir='ltr' id='par_1_4' title="bbox 340 442 1172 514">
     <span class='ocr_line' id='line_1_5' title="bbox 340 442 1172 514; baseline 0 -23"><span class='ocrx_word' id='word_1_20' title='bbox 340 473 342 484; x_wconf 52' lang='lat'>,</span> <span class='ocrx_word' id='word_1_21' title='bbox 356 443 429 492; x_wconf 88' lang='lat' dir='ltr'>Mille</span> <span class='ocrx_word' id='word_1_22' title='bbox 440 444 587 508; x_wconf 73' lang='lat' dir='ltr'>puellarum,</span> <span class='ocrx_word' id='word_1_23' title='bbox 598 459 730 508; x_wconf 85' lang='lat' dir='ltr'>puerorum</span> <span class='ocrx_word' id='word_1_24' title='bbox 742 442 812 492; x_wconf 87' lang='lat' dir='ltr'>mille</span> <span class='ocrx_word' id='word_1_25' title='bbox 823 443 935 514; x_wconf 67' lang='lat' dir='ltr'>feneres]</span> <span class='ocrx_word' id='word_1_26' title='bbox 1113 445 1172 492; x_wconf 83' lang='lat'>325</span> 
     </span>
    </p>
   </div>
   <div class='ocr_carea' id='block_1_5' title="bbox 357 524 913 592">
    <p class='ocr_par' dir='ltr' id='par_1_5' title="bbox 357 524 913 592">
     <span class='ocr_line' id='line_1_6' title="bbox 357 524 913 592; baseline 0 -17"><span class='ocrx_word' id='word_1_27' title='bbox 357 526 378 575; x_wconf 90' lang='lat'>0</span> <span class='ocrx_word' id='word_1_28' title='bbox 390 524 471 592; x_wconf 84' lang='lat' dir='ltr'>major</span> <span class='ocrx_word' id='word_1_29' title='bbox 481 525 582 576; x_wconf 88' lang='lat' dir='ltr'>tandem</span> <span class='ocrx_word' id='word_1_30' title='bbox 593 542 690 590; x_wconf 83' lang='lat' dir='ltr'>parcas,</span> <span class='ocrx_word' id='word_1_31' title='bbox 701 525 796 586; x_wconf 85' lang='lat' dir='ltr'>insane,</span> <span class='ocrx_word' id='word_1_32' title='bbox 808 525 913 575; x_wconf 87' lang='lat' dir='ltr'>minori!</span> 
     </span>
    </p>
   </div>
   <div class='ocr_carea' id='block_1_6' title="bbox 731 726 776 777">
    <p class='ocr_par' dir='ltr' id='par_1_6' title="bbox 731 726 776 777">
     <span class='ocr_line' id='line_1_7' title="bbox 731 726 776 777; baseline 0.044 -2"><span class='ocrx_word' id='word_1_33' title='bbox 731 726 776 777; x_wconf 87' lang='lat' dir='ltr'>IV.</span> 
     </span>
    </p>
   </div>
   <div class='ocr_carea' id='block_1_7' title="bbox 353 858 1164 1339">
    <p class='ocr_par' dir='ltr' id='par_1_7' title="bbox 355 858 1066 1008">
     <span class='ocr_line' id='line_1_8' title="bbox 356 858 1066 925; baseline -0.003 -15"><span class='ocrx_word' id='word_1_34' title='bbox 356 861 434 910; x_wconf 77' lang='lat' dir='ltr'>Urna</span> <span class='ocrx_word' id='word_1_35' title='bbox 445 866 529 925; x_wconf 85' lang='lat' dir='ltr'>etque</span> <span class='ocrx_word' id='word_1_36' title='bbox 540 858 646 910; x_wconf 73' lang='lat' dir='ltr'>Catius?</span> <span class='ocrx_word' id='word_1_37' title='bbox 679 860 737 910; x_wconf 87' lang='lat' dir='ltr'>Non</span> <span class='ocrx_word' id='word_1_38' title='bbox 748 864 788 908; x_wconf 88' lang='lat' dir='ltr'>est</span> <span class='ocrx_word' id='word_1_39' title='bbox 797 858 860 908; x_wconf 88' lang='lat' dir='ltr'>mihi</span> <span class='ocrx_word' id='word_1_40' title='bbox 871 864 968 924; x_wconf 85' lang='lat' dir='ltr'>tempus</span> <span class='ocrx_word' id='word_1_41' title='bbox 980 859 1066 910; x_wconf 82' lang='lat' dir='ltr'>aventi</span> 
     </span>
     <span class='ocr_line' id='line_1_9' title="bbox 355 941 975 1008; baseline -0.003 -16"><span class='ocrx_word' id='word_1_42' title='bbox 355 944 450 994; x_wconf 87' lang='lat' dir='ltr'>Ponere</span> <span class='ocrx_word' id='word_1_43' title='bbox 461 942 534 1007; x_wconf 86' lang='lat' dir='ltr'>signa</span> <span class='ocrx_word' id='word_1_44' title='bbox 545 943 616 992; x_wconf 84' lang='lat' dir='ltr'>novis</span> <span class='ocrx_word' id='word_1_45' title='bbox 628 941 764 1008; x_wconf 77' lang='lat' dir='ltr'><strong>praeceptis,</strong></span> <span class='ocrx_word' id='word_1_46' title='bbox 776 941 861 1007; x_wconf 88' lang='lat' dir='ltr'>qualia</span> <span class='ocrx_word' id='word_1_47' title='bbox 871 941 975 991; x_wconf 85' lang='lat' dir='ltr'>vineunt</span> 
     </span>
    </p>

    <p class='ocr_par' dir='ltr' id='par_1_8' title="bbox 354 1025 1016 1092">
     <span class='ocr_line' id='line_1_10' title="bbox 354 1025 1016 1092; baseline 0 -15"><span class='ocrx_word' id='word_1_48' title='bbox 354 1027 514 1092; x_wconf 79' lang='lat' dir='ltr'>Pythagoran</span> <span class='ocrx_word' id='word_1_49' title='bbox 525 1025 652 1091; x_wconf 72' lang='lat' dir='ltr'><strong>Anytique</strong></span> <span class='ocrx_word' id='word_1_50' title='bbox 663 1041 733 1075; x_wconf 89' lang='lat' dir='ltr'>reum</span> <span class='ocrx_word' id='word_1_51' title='bbox 743 1025 889 1089; x_wconf 81' lang='lat' dir='ltr'>doctumque</span> <span class='ocrx_word' id='word_1_52' title='bbox 900 1026 1016 1077; x_wconf 70' lang='lat' dir='ltr'>Platona.</span> 
     </span>
    </p>

    <p class='ocr_par' dir='ltr' id='par_1_9' title="bbox 353 1107 931 1173">
     <span class='ocr_line' id='line_1_11' title="bbox 353 1107 931 1173; baseline -0.002 -14"><span class='ocrx_word' id='word_1_53' title='bbox 353 1110 485 1160; x_wconf 76' lang='lat' dir='ltr'>Peccatum</span> <span class='ocrx_word' id='word_1_54' title='bbox 496 1110 584 1168; x_wconf 79' lang='lat' dir='ltr'>fateor,</span> <span class='ocrx_word' id='word_1_55' title='bbox 596 1125 651 1158; x_wconf 87' lang='lat' dir='ltr'>cum</span> <span class='ocrx_word' id='word_1_56' title='bbox 662 1115 687 1157; x_wconf 87' lang='lat' dir='ltr'>te</span> <span class='ocrx_word' id='word_1_57' title='bbox 699 1107 735 1157; x_wconf 85' lang='lat' dir='ltr'>sie</span> <span class='ocrx_word' id='word_1_58' title='bbox 746 1114 857 1173; x_wconf 87' lang='lat' dir='ltr'>tempore</span> <span class='ocrx_word' id='word_1_59' title='bbox 868 1108 931 1158; x_wconf 80' lang='lat' dir='ltr'>laevo</span> 
     </span>
    </p>

    <p class='ocr_par' dir='ltr' id='par_1_10' title="bbox 353 1191 1164 1339">
     <span class='ocr_line' id='line_1_12' title="bbox 353 1191 1164 1257; baseline 0.001 -14"><span class='ocrx_word' id='word_1_60' title='bbox 353 1192 553 1257; x_wconf 81' lang='lat' dir='ltr'>Interpellsrim3</span> <span class='ocrx_word' id='word_1_61' title='bbox 572 1192 615 1242; x_wconf 88' lang='lat' dir='ltr'>sed</span> <span class='ocrx_word' id='word_1_62' title='bbox 626 1191 670 1241; x_wconf 89' lang='lat' dir='ltr'>des</span> <span class='ocrx_word' id='word_1_63' title='bbox 681 1191 781 1241; x_wconf 86' lang='lat' dir='ltr'>veniam</span> <span class='ocrx_word' id='word_1_64' title='bbox 792 1192 871 1240; x_wconf 90' lang='lat' dir='ltr'>bonus</span> <span class='ocrx_word' id='word_1_65' title='bbox 883 1208 933 1241; x_wconf 87' lang='lat' dir='ltr'>oro.</span> <span class='ocrx_word' id='word_1_66' title='bbox 1146 1199 1164 1244; x_wconf 81' lang='lat'><strong>5</strong></span> 
     </span>
     <span class='ocr_line' id='line_1_13' title="bbox 353 1273 1050 1339; baseline 0 -14"><span class='ocrx_word' id='word_1_67' title='bbox 353 1276 448 1331; x_wconf 79' lang='lat' dir='ltr'>Quodsi</span> <span class='ocrx_word' id='word_1_68' title='bbox 459 1275 614 1325; x_wconf 81' lang='lat' dir='ltr'>interciderit</span> <span class='ocrx_word' id='word_1_69' title='bbox 625 1275 672 1324; x_wconf 90' lang='lat' dir='ltr'>tibi</span> <span class='ocrx_word' id='word_1_70' title='bbox 685 1291 750 1324; x_wconf 92' lang='lat' dir='ltr'>nuno</span> <span class='ocrx_word' id='word_1_71' title='bbox 761 1273 863 1339; x_wconf 85' lang='lat' dir='ltr'>aliquid,</span> <span class='ocrx_word' id='word_1_72' title='bbox 875 1280 972 1339; x_wconf 81' lang='lat' dir='ltr'>repetes</span> <span class='ocrx_word' id='word_1_73' title='bbox 983 1291 1050 1335; x_wconf 84' lang='lat' dir='ltr'>mox,</span> 
     </span>
    </p>
   </div>
   <div class='ocr_carea' id='block_1_8' title="bbox 265 1351 984 1422">
    <p class='ocr_par' dir='ltr' id='par_1_11' title="bbox 265 1351 984 1422">
     <span class='ocr_line' id='line_1_14' title="bbox 265 1351 984 1422; baseline 0 -15"><span class='ocrx_word' id='word_1_74' title='bbox 265 1398 267 1402; x_wconf 94' lang='lat'>.</span> <span class='ocrx_word' id='word_1_75' title='bbox 353 1358 411 1408; x_wconf 84' lang='lat' dir='ltr'>Sive</span> <span class='ocrx_word' id='word_1_76' title='bbox 422 1364 461 1407; x_wconf 88' lang='lat' dir='ltr'>est</span> <span class='ocrx_word' id='word_1_77' title='bbox 472 1365 568 1407; x_wconf 85' lang='lat' dir='ltr'>naturae</span> <span class='ocrx_word' id='word_1_78' title='bbox 577 1358 624 1407; x_wconf 89' lang='lat' dir='ltr'>hoo</span> <span class='ocrx_word' id='word_1_79' title='bbox 636 1357 689 1407; x_wconf 81' lang='lat' dir='ltr'>sive</span> <span class='ocrx_word' id='word_1_80' title='bbox 700 1357 770 1417; x_wconf 84' lang='lat' dir='ltr'>antis,</span> <span class='ocrx_word' id='word_1_81' title='bbox 783 1351 861 1406; x_wconf 87' lang='lat' dir='ltr'>mirus</span> <span class='ocrx_word' id='word_1_82' title='bbox 872 1364 984 1422; x_wconf 85' lang='lat' dir='ltr'>utroque.</span> 
     </span>
    </p>
   </div>
   <div class='ocr_carea' id='block_1_9' title="bbox 126 1951 319 2042">
    <p class='ocr_par' dir='ltr' id='par_1_12' title="bbox 126 1951 319 2042">
     <span class='ocr_line' id='line_1_15' title="bbox 126 1951 319 2002; baseline -0.016 -10"><span class='ocrx_word' id='word_1_83' title='bbox 126 1963 177 2002; x_wconf 73' lang='lat' dir='ltr'>poe.</span> <span class='ocrx_word' id='word_1_84' title='bbox 191 1951 212 1993; x_wconf 82' lang='lat' dir='ltr'>S.</span> <span class='ocrx_word' id='word_1_85' title='bbox 222 1952 241 1992; x_wconf 74' lang='lat'>2.</span> <span class='ocrx_word' id='word_1_86' title='bbox 250 1952 269 1991; x_wconf 72' lang='lat'>2.</span> <span class='ocrx_word' id='word_1_87' title='bbox 279 1952 319 1999; x_wconf 78' lang='lat'>233</span> 
     </span>
     <span class='ocr_line' id='line_1_16' title="bbox 255 2004 315 2042; baseline 0.017 -1"><span class='ocrx_word' id='word_1_88' title='bbox 255 2004 273 2042; x_wconf 89' lang='grc'>6.</span> <span class='ocrx_word' id='word_1_89' title='bbox 284 2004 315 2042; x_wconf 80' lang='grc'>64.</span> 
     </span>
    </p>
   </div>
   <div class='ocr_carea' id='block_1_10' title="bbox 352 1440 1159 2748">
    <p class='ocr_par' dir='ltr' id='par_1_13' title="bbox 353 1440 979 1505">
     <span class='ocr_line' id='line_1_17' title="bbox 353 1440 979 1505; baseline 0 -16"><span class='ocrx_word' id='word_1_90' title='bbox 353 1440 421 1497; x_wconf 79' lang='lat' dir='ltr'>Quin</span> <span class='ocrx_word' id='word_1_91' title='bbox 432 1440 459 1489; x_wconf 90' lang='lat' dir='ltr'>id</span> <span class='ocrx_word' id='word_1_92' title='bbox 470 1446 525 1490; x_wconf 87' lang='lat' dir='ltr'>eret</span> <span class='ocrx_word' id='word_1_93' title='bbox 536 1456 606 1500; x_wconf 83' lang='lat' dir='ltr'>ourae,</span> <span class='ocrx_word' id='word_1_94' title='bbox 618 1456 666 1505; x_wconf 89' lang='lat' dir='ltr'>quo</span> <span class='ocrx_word' id='word_1_95' title='bbox 678 1446 751 1504; x_wconf 78' lang='lat' dir='ltr'>pecte</span> <span class='ocrx_word' id='word_1_96' title='bbox 762 1446 850 1489; x_wconf 81' lang='lat' dir='ltr'>cuneta</span> <span class='ocrx_word' id='word_1_97' title='bbox 861 1446 979 1501; x_wconf 88' lang='lat' dir='ltr'>tenerem,</span> 
     </span>
    </p>

    <p class='ocr_par' dir='ltr' id='par_1_14' title="bbox 353 1522 934 1587">
     <span class='ocr_line' id='line_1_18' title="bbox 353 1522 934 1587; baseline 0.002 -15"><span class='ocrx_word' id='word_1_98' title='bbox 353 1523 448 1587; x_wconf 89' lang='lat' dir='ltr'>Utpote</span> <span class='ocrx_word' id='word_1_99' title='bbox 459 1540 499 1572; x_wconf 88' lang='lat' dir='ltr'>res</span> <span class='ocrx_word' id='word_1_100' title='bbox 510 1528 597 1572; x_wconf 88' lang='lat' dir='ltr'>tenues</span> <span class='ocrx_word' id='word_1_101' title='bbox 608 1522 677 1571; x_wconf 89' lang='lat' dir='ltr'>tenui</span> <span class='ocrx_word' id='word_1_102' title='bbox 690 1538 802 1571; x_wconf 83' lang='lat' dir='ltr'>sermone</span> <span class='ocrx_word' id='word_1_103' title='bbox 813 1528 934 1586; x_wconf 81' lang='lat' dir='ltr'>peractos.</span> 
     </span>
    </p>

    <p class='ocr_par' dir='ltr' id='par_1_15' title="bbox 353 1593 1159 1754">
     <span class='ocr_line' id='line_1_19' title="bbox 353 1593 1159 1672; baseline 0.002 -16"><span class='ocrx_word' id='word_1_104' title='bbox 353 1593 407 1656; x_wconf 80' lang='lat' dir='ltr'>Ede</span> <span class='ocrx_word' id='word_1_105' title='bbox 416 1605 526 1655; x_wconf 90' lang='lat' dir='ltr'>hominis</span> <span class='ocrx_word' id='word_1_106' title='bbox 538 1621 635 1663; x_wconf 89' lang='lat' dir='ltr'>nomen,</span> <span class='ocrx_word' id='word_1_107' title='bbox 648 1604 723 1653; x_wconf 84' lang='lat' dir='ltr'>simul</span> <span class='ocrx_word' id='word_1_108' title='bbox 735 1610 760 1654; x_wconf 91' lang='lat' dir='ltr'>et</span> <span class='ocrx_word' id='word_1_109' title='bbox 771 1603 899 1654; x_wconf 88' lang='lat' dir='ltr'>Romanus</span> <span class='ocrx_word' id='word_1_110' title='bbox 911 1622 943 1654; x_wconf 87' lang='lat' dir='ltr'>an</span> <span class='ocrx_word' id='word_1_111' title='bbox 955 1606 1053 1672; x_wconf 84' lang='lat' dir='ltr'>hospes.</span> <span class='ocrx_word' id='word_1_112' title='bbox 1126 1614 1159 1658; x_wconf 89' lang='lat'>10</span> 
     </span>
     <span class='ocr_line' id='line_1_20' title="bbox 353 1687 996 1754; baseline 0.002 -16"><span class='ocrx_word' id='word_1_113' title='bbox 353 1689 414 1754; x_wconf 83' lang='lat' dir='ltr'>Ipsa</span> <span class='ocrx_word' id='word_1_114' title='bbox 425 1705 519 1738; x_wconf 87' lang='lat' dir='ltr'>memor</span> <span class='ocrx_word' id='word_1_115' title='bbox 529 1694 652 1753; x_wconf 87' lang='lat' dir='ltr'>praeeepte</span> <span class='ocrx_word' id='word_1_116' title='bbox 663 1703 758 1746; x_wconf 77' lang='lat' dir='ltr'>sanam,</span> <span class='ocrx_word' id='word_1_117' title='bbox 771 1687 893 1737; x_wconf 78' lang='lat' dir='ltr'>celabitur</span> <span class='ocrx_word' id='word_1_118' title='bbox 903 1695 996 1740; x_wconf 82' lang='lat' dir='ltr'>auctor.</span> 
     </span>
    </p>

    <p class='ocr_par' dir='ltr' id='par_1_16' title="bbox 352 1769 959 1836">
     <span class='ocr_line' id='line_1_21' title="bbox 352 1769 959 1836; baseline 0.002 -15"><span class='ocrx_word' id='word_1_119' title='bbox 352 1772 439 1835; x_wconf 86' lang='lat' dir='ltr'>Longa</span> <span class='ocrx_word' id='word_1_120' title='bbox 449 1770 540 1836; x_wconf 84' lang='lat' dir='ltr'>quibus</span> <span class='ocrx_word' id='word_1_121' title='bbox 551 1770 627 1820; x_wconf 83' lang='lat' dir='ltr'>facies</span> <span class='ocrx_word' id='word_1_122' title='bbox 639 1770 693 1819; x_wconf 89' lang='lat' dir='ltr'>ovis</span> <span class='ocrx_word' id='word_1_123' title='bbox 705 1769 759 1829; x_wconf 88' lang='lat' dir='ltr'>erit,</span> <span class='ocrx_word' id='word_1_124' title='bbox 772 1770 817 1819; x_wconf 84' lang='lat' dir='ltr'>illa</span> <span class='ocrx_word' id='word_1_125' title='bbox 828 1777 959 1832; x_wconf 83' lang='lat' dir='ltr'>momente,</span> 
     </span>
    </p>

    <p class='ocr_par' dir='ltr' id='par_1_17' title="bbox 353 1852 942 1917">
     <span class='ocr_line' id='line_1_22' title="bbox 353 1852 942 1917; baseline -0.002 -13"><span class='ocrx_word' id='word_1_126' title='bbox 353 1855 391 1904; x_wconf 91' lang='lat' dir='ltr'>Ut</span> <span class='ocrx_word' id='word_1_127' title='bbox 402 1854 453 1904; x_wconf 86' lang='lat' dir='ltr'>suoi</span> <span class='ocrx_word' id='word_1_128' title='bbox 464 1853 575 1904; x_wconf 90' lang='lat' dir='ltr'>melioris</span> <span class='ocrx_word' id='word_1_129' title='bbox 586 1860 612 1903; x_wconf 92' lang='lat' dir='ltr'>et</span> <span class='ocrx_word' id='word_1_130' title='bbox 622 1859 651 1902; x_wconf 87' lang='lat' dir='ltr'>ut</span> <span class='ocrx_word' id='word_1_131' title='bbox 661 1852 741 1917; x_wconf 86' lang='lat' dir='ltr'>magis</span> <span class='ocrx_word' id='word_1_132' title='bbox 753 1853 811 1902; x_wconf 84' lang='lat' dir='ltr'>alba</span> <span class='ocrx_word' id='word_1_133' title='bbox 822 1854 942 1915; x_wconf 87' lang='lat' dir='ltr'>rotundis,</span> 
     </span>
    </p>

    <p class='ocr_par' dir='ltr' id='par_1_18' title="bbox 352 1935 1053 2001">
     <span class='ocr_line' id='line_1_23' title="bbox 352 1935 1053 2001; baseline 0.003 -15"><span class='ocrx_word' id='word_1_134' title='bbox 352 1938 460 1987; x_wconf 88' lang='lat' dir='ltr'>Ponere:</span> <span class='ocrx_word' id='word_1_135' title='bbox 479 1953 584 2001; x_wconf 85' lang='lat' dir='ltr'>namque</span> <span class='ocrx_word' id='word_1_136' title='bbox 596 1953 690 1985; x_wconf 84' lang='lat' dir='ltr'>merem</span> <span class='ocrx_word' id='word_1_137' title='bbox 702 1935 817 1985; x_wconf 90' lang='lat' dir='ltr'>oohibent</span> <span class='ocrx_word' id='word_1_138' title='bbox 827 1937 920 1985; x_wconf 84' lang='lat' dir='ltr'>eallosa</span> <span class='ocrx_word' id='word_1_139' title='bbox 930 1936 1053 1988; x_wconf 78' lang='lat' dir='ltr'>vitellum.</span> 
     </span>
    </p>

    <p class='ocr_par' dir='ltr' id='par_1_19' title="bbox 353 2018 1156 2168">
     <span class='ocr_line' id='line_1_24' title="bbox 353 2018 1156 2085; baseline 0.002 -15"><span class='ocrx_word' id='word_1_140' title='bbox 353 2021 430 2071; x_wconf 81' lang='lat' dir='ltr'>Caule</span> <span class='ocrx_word' id='word_1_141' title='bbox 441 2021 583 2070; x_wconf 77' lang='lat' dir='ltr'>subinbano</span> <span class='ocrx_word' id='word_1_142' title='bbox 594 2019 637 2085; x_wconf 92' lang='lat' dir='ltr'>qui</span> <span class='ocrx_word' id='word_1_143' title='bbox 649 2019 720 2068; x_wconf 76' lang='lat' dir='ltr'>sisois</span> <span class='ocrx_word' id='word_1_144' title='bbox 731 2018 810 2068; x_wconf 79' lang='lat' dir='ltr'>erevit</span> <span class='ocrx_word' id='word_1_145' title='bbox 820 2019 847 2067; x_wconf 89' lang='lat' dir='ltr'>in</span> <span class='ocrx_word' id='word_1_146' title='bbox 858 2020 926 2083; x_wconf 81' lang='lat' dir='ltr'>agris</span> <span class='ocrx_word' id='word_1_147' title='bbox 1125 2028 1156 2073; x_wconf 78' lang='lat'>15</span> 
     </span>
     <span class='ocr_line' id='line_1_25' title="bbox 353 2102 900 2168; baseline -0.005 -13"><span class='ocrx_word' id='word_1_148' title='bbox 353 2105 468 2164; x_wconf 77' lang='lat' dir='ltr'>Duloi0r5</span> <span class='ocrx_word' id='word_1_149' title='bbox 486 2103 580 2168; x_wconf 84' lang='lat' dir='ltr'>irriguo</span> <span class='ocrx_word' id='word_1_150' title='bbox 592 2103 656 2152; x_wconf 91' lang='lat' dir='ltr'>nihil</span> <span class='ocrx_word' id='word_1_151' title='bbox 668 2108 707 2152; x_wconf 89' lang='lat' dir='ltr'>est</span> <span class='ocrx_word' id='word_1_152' title='bbox 718 2102 809 2150; x_wconf 88' lang='lat' dir='ltr'>elutius</span> <span class='ocrx_word' id='word_1_153' title='bbox 820 2102 900 2152; x_wconf 87' lang='lat' dir='ltr'>horto.</span> 
     </span>
    </p>

    <p class='ocr_par' dir='ltr' id='par_1_20' title="bbox 353 2184 950 2253">
     <span class='ocr_line' id='line_1_26' title="bbox 353 2184 950 2253; baseline -0.005 -15"><span class='ocrx_word' id='word_1_154' title='bbox 353 2189 380 2239; x_wconf 82' lang='lat' dir='ltr'>Si</span> <span class='ocrx_word' id='word_1_155' title='bbox 391 2187 547 2253; x_wconf 82' lang='lat' dir='ltr'>vespertinus</span> <span class='ocrx_word' id='word_1_156' title='bbox 560 2186 643 2236; x_wconf 86' lang='lat' dir='ltr'>subito</span> <span class='ocrx_word' id='word_1_157' title='bbox 653 2194 679 2235; x_wconf 87' lang='lat' dir='ltr'>te</span> <span class='ocrx_word' id='word_1_158' title='bbox 690 2184 842 2250; x_wconf 86' lang='lat' dir='ltr'>oppresserit</span> <span class='ocrx_word' id='word_1_159' title='bbox 852 2185 950 2250; x_wconf 90' lang='lat' dir='ltr'>hospes,</span> 
     </span>
    </p>

    <p class='ocr_par' dir='ltr' id='par_1_21' title="bbox 353 2268 920 2335">
     <span class='ocr_line' id='line_1_27' title="bbox 353 2268 920 2335; baseline -0.009 -14"><span class='ocrx_word' id='word_1_160' title='bbox 353 2272 391 2321; x_wconf 85' lang='lat' dir='ltr'>Ne</span> <span class='ocrx_word' id='word_1_161' title='bbox 403 2270 497 2335; x_wconf 84' lang='lat' dir='ltr'>galline</span> <span class='ocrx_word' id='word_1_162' title='bbox 508 2270 603 2319; x_wconf 88' lang='lat' dir='ltr'>malum</span> <span class='ocrx_word' id='word_1_163' title='bbox 613 2274 744 2333; x_wconf 88' lang='lat' dir='ltr'>responset</span> <span class='ocrx_word' id='word_1_164' title='bbox 754 2268 816 2317; x_wconf 86' lang='lat' dir='ltr'>dura</span> <span class='ocrx_word' id='word_1_165' title='bbox 827 2269 920 2332; x_wconf 84' lang='lat' dir='ltr'>palato,</span> 
     </span>
    </p>

    <p class='ocr_par' dir='ltr' id='par_1_22' title="bbox 354 2351 946 2404">
     <span class='ocr_line' id='line_1_28' title="bbox 354 2351 946 2404; baseline -0.008 0"><span class='ocrx_word' id='word_1_166' title='bbox 354 2355 447 2404; x_wconf 88' lang='lat' dir='ltr'>Doctus</span> <span class='ocrx_word' id='word_1_167' title='bbox 459 2352 508 2403; x_wconf 88' lang='lat' dir='ltr'>eris</span> <span class='ocrx_word' id='word_1_168' title='bbox 519 2352 603 2402; x_wconf 83' lang='lat' dir='ltr'>vivam</span> <span class='ocrx_word' id='word_1_169' title='bbox 614 2351 694 2400; x_wconf 76' lang='lat' dir='ltr'>mixte</span> <span class='ocrx_word' id='word_1_170' title='bbox 704 2368 812 2400; x_wconf 85' lang='lat' dir='ltr'>mersere</span> <span class='ocrx_word' id='word_1_171' title='bbox 824 2351 946 2400; x_wconf 87' lang='lat' dir='ltr'>Falerno:</span> 
     </span>
    </p>

    <p class='ocr_par' dir='ltr' id='par_1_23' title="bbox 354 2434 1155 2570">
     <span class='ocr_line' id='line_1_29' title="bbox 354 2434 1155 2499; baseline 0 -11"><span class='ocrx_word' id='word_1_172' title='bbox 354 2438 409 2488; x_wconf 83' lang='lat' dir='ltr'>Hoc</span> <span class='ocrx_word' id='word_1_173' title='bbox 420 2444 530 2486; x_wconf 85' lang='lat' dir='ltr'>teneram</span> <span class='ocrx_word' id='word_1_174' title='bbox 542 2434 625 2484; x_wconf 74' lang='lat' dir='ltr'>feriet.</span> <span class='ocrx_word' id='word_1_175' title='bbox 659 2434 823 2484; x_wconf 83' lang='lat' dir='ltr'>Pratensibus</span> <span class='ocrx_word' id='word_1_176' title='bbox 834 2434 930 2499; x_wconf 86' lang='lat' dir='ltr'>optima</span> <span class='ocrx_word' id='word_1_177' title='bbox 941 2434 1026 2499; x_wconf 81' lang='lat' dir='ltr'>fungis</span> <span class='ocrx_word' id='word_1_178' title='bbox 1122 2441 1155 2488; x_wconf 84' lang='lat'>20</span> 
     </span>
     <span class='ocr_line' id='line_1_30' title="bbox 354 2516 1003 2570; baseline 0 -1"><span class='ocrx_word' id='word_1_179' title='bbox 354 2522 451 2570; x_wconf 85' lang='lat' dir='ltr'>Natura</span> <span class='ocrx_word' id='word_1_180' title='bbox 462 2524 515 2568; x_wconf 90' lang='lat' dir='ltr'>est:</span> <span class='ocrx_word' id='word_1_181' title='bbox 534 2517 592 2566; x_wconf 86' lang='lat' dir='ltr'>eliis</span> <span class='ocrx_word' id='word_1_182' title='bbox 604 2517 669 2566; x_wconf 87' lang='lat' dir='ltr'>mele</span> <span class='ocrx_word' id='word_1_183' title='bbox 681 2516 795 2566; x_wconf 78' lang='lat' dir='ltr'>ereditur¹</span> <span class='ocrx_word' id='word_1_184' title='bbox 830 2518 878 2567; x_wconf 91' lang='lat' dir='ltr'>Ille</span> <span class='ocrx_word' id='word_1_185' title='bbox 890 2520 1003 2569; x_wconf 86' lang='lat' dir='ltr'>salubres</span> 
     </span>
    </p>

    <p class='ocr_par' dir='ltr' id='par_1_24' title="bbox 354 2598 937 2666">
     <span class='ocr_line' id='line_1_31' title="bbox 354 2598 937 2666; baseline -0.002 -14"><span class='ocrx_word' id='word_1_186' title='bbox 354 2605 465 2653; x_wconf 81' lang='lat' dir='ltr'>AEstates</span> <span class='ocrx_word' id='word_1_187' title='bbox 476 2606 586 2666; x_wconf 84' lang='lat' dir='ltr'>peraget,</span> <span class='ocrx_word' id='word_1_188' title='bbox 598 2599 641 2663; x_wconf 89' lang='lat' dir='ltr'>qui</span> <span class='ocrx_word' id='word_1_189' title='bbox 653 2598 731 2663; x_wconf 86' lang='lat' dir='ltr'>nigris</span> <span class='ocrx_word' id='word_1_190' title='bbox 743 2599 849 2664; x_wconf 84' lang='lat' dir='ltr'>prandia</span> <span class='ocrx_word' id='word_1_191' title='bbox 860 2601 937 2651; x_wconf 89' lang='lat' dir='ltr'>moris</span> 
     </span>
    </p>

    <p class='ocr_par' dir='ltr' id='par_1_25' title="bbox 353 2682 987 2748">
     <span class='ocr_line' id='line_1_32' title="bbox 353 2682 987 2748; baseline 0.002 -14"><span class='ocrx_word' id='word_1_192' title='bbox 353 2684 444 2744; x_wconf 81' lang='lat' dir='ltr'>Finiat,</span> <span class='ocrx_word' id='word_1_193' title='bbox 456 2690 514 2733; x_wconf 87' lang='lat' dir='ltr'>ante</span> <span class='ocrx_word' id='word_1_194' title='bbox 525 2700 628 2748; x_wconf 84' lang='lat' dir='ltr'>gravem</span> <span class='ocrx_word' id='word_1_195' title='bbox 638 2698 693 2746; x_wconf 83' lang='lat' dir='ltr'>quae</span> <span class='ocrx_word' id='word_1_196' title='bbox 703 2682 792 2746; x_wconf 86' lang='lat' dir='ltr'>legerit</span> <span class='ocrx_word' id='word_1_197' title='bbox 804 2685 891 2734; x_wconf 90' lang='lat' dir='ltr'>arbore</span> <span class='ocrx_word' id='word_1_198' title='bbox 903 2685 987 2735; x_wconf 89' lang='lat' dir='ltr'>solem.</span> 
     </span>
    </p>
   </div>
   <div class='ocr_carea' id='block_1_11' title="bbox 477 2808 1027 2864">
    <p class='ocr_par' dir='ltr' id='par_1_26' title="bbox 477 2808 1027 2864">
     <span class='ocr_line' id='line_1_33' title="bbox 477 2808 1027 2864; baseline 0.005 -8"><span class='ocrx_word' id='word_1_199' title='bbox 477 2808 509 2856; x_wconf 76' lang='lat' dir='ltr'>iv.</span> <span class='ocrx_word' id='word_1_200' title='bbox 520 2817 552 2855; x_wconf 81' lang='lat'>19.</span> <span class='ocrx_word' id='word_1_201' title='bbox 565 2815 726 2864; x_wconf 64' lang='lat' dir='ltr'>metemusoo.</span> <span class='ocrx_word' id='word_1_202' title='bbox 853 2817 1027 2859; x_wconf 64' lang='grc'><strong>1111111111.</strong></span> 
     </span>
    </p>
   </div>
   <div class='ocr_carea' id='block_1_12' title="bbox 0 0 1242 3284">
    <p class='ocr_par' dir='ltr' id='par_1_27' title="bbox 0 0 1242 3284">
     <span class='ocr_line' id='line_1_34' title="bbox 0 0 1242 3284; baseline 0 0"><span class='ocrx_word' id='word_1_203' title='bbox 0 0 1242 3284; x_wconf 95' lang='lat' dir='ltr'> </span> 
     </span>
    </p>
   </div>
  </div>
 </body>
</html>
