2475 3284
257 243 510 295 EPISTOLARUM
528 241 595 296 LIB.
612 245 649 297 II.
666 245 683 295 i.

111 375 161 426 Sed
171 383 229 426 tuus
240 376 281 427 hie
292 379 407 443 populus,
420 378 521 443 sapiens
532 384 558 427 et
564 376 651 441 justus
661 378 689 427 in
700 394 759 437 uno,

111 460 146 509 Te
158 459 251 508 nostris
262 459 375 520 ducibus,
387 468 413 510 te
424 460 500 511 Grais
511 460 681 520 anteferendo‚

62 545 93 593 20
110 542 201 604 Cetera
212 527 368 607 nequaquam
379 543 457 593 simili
468 543 566 594 ratione
577 544 698 622 modoque

14 619 17 626 ¹
109 625 232 675 AEstimat
242 631 275 686 eb,
287 626 337 675 nisi
349 643 403 691 quae
414 627 489 677 terris
501 634 597 677 semota
608 626 709 691 suisque

31 743 35 751 .
110 708 274 773 Temporibus
285 708 403 759 defuncta
414 709 491 770 videt,
503 709 603 762 fastidit
615 716 641 759 ei
652 709 737 788 odit
754 761 798 792 ἒ
797 759 803 772 ⁴
820 767 823 780 ι

110 790 152 840 Sis
162 792 246 844 fautor
255 798 375 851 veterum,
387 799 416 842 ut
426 793 527 866 tabulas
537 808 639 857 psmare
650 759 769 862 estasim,

110 874 178 930 Quae
189 874 229 923 bis
240 874 407 939 quinqueviri
420 857 562 936 sanxerunt,
574 875 667 926 foedera
677 867 764 941 regum

58 958 92 1007 25
108 933 158 1006 Vei
167 956 257 1006 Gabiis
267 958 308 1006 vol
320 973 376 1007 oum
386 956 476 1022 rigidis
486 965 584 1022 oequsts
594 957 704 1020 Sabinis,

108 1035 259 1089 Pontificum
269 1038 356 1099 libros,
368 1055 464 1089 annosa
474 1040 603 1089 volumina
612 1046 701 1090 vntum

108 1122 216 1172 Diuites
226 1123 326 1173 Albano
336 1124 425 1173 Musas
436 1123 464 1173 in
475 1130 559 1174 monte
569 1124 673 1174 locutas.

108 1206 144 1266 Si,
156 1206 215 1270 quia
226 1206 368 1256 Graeoorum
379 1213 439 1256 sunt
449 1206 626 1271 antiquissima
635 1223 738 1272 quaequs

107 1289 207 1354 Scripta
217 1290 258 1339 vel
269 1289 372 1354 optima,
384 1288 492 1339 Romani
503 1295 643 1354 pensantur
653 1289 739 1339 eadem

57 1374 90 1422 30
106 1371 246 1436 Scriptores
256 1370 361 1431 tmtina,
373 1388 423 1420 non
434 1377 473 1421 osb
483 1370 549 1436 quod
560 1371 641 1421 multa
651 1372 794 1436 loquamur:
886 1384 928 1421 trs.
942 1380 963 1421 s.
975 1381 993 1420 1.
1002 1381 1021 1420 s.
1032 1381 1064 1419 τι.

106 1454 153 1503 Nil
163 1454 232 1503 iuna
243 1460 282 1503 est
293 1455 381 1514 oleam,
394 1453 431 1503 nil
442 1460 514 1504 extra
524 1460 564 1503 est
575 1454 601 1503 in
613 1471 675 1504 nuos
686 1454 756 1515 duri;

105 1537 229 1586 Venimus
240 1535 273 1586 ad
285 1552 408 1586 summum
420 1538 534 1595 fortunae,
546 1536 675 1602 pingimus
686 1544 761 1602 atquo

106 1619 245 1670 Psallimus
257 1626 282 1668 et
292 1620 417 1669 luctamur
427 1618 530 1669 thivis
542 1619 639 1669 doctius
651 1619 741 1669 unctis.

106 1702 134 1752 Si
146 1702 249 1752 meliora
260 1701 321 1762 dies,
333 1701 439 1761 utrina,
451 1706 566 1767 pobmats
576 1701 666 1761 reddit,

55 1786 90 1835 35
106 1784 175 1834 Scire
185 1784 271 1844 velim,
282 1784 376 1834 chartis
387 1784 496 1849 pretium
507 1792 597 1849 quotus
609 1790 709 1848 arroget
720 1800 809 1836 annus.
885 1807 933 1838 arr.
948 1795 1085 1839 c.4.14.‹10.

105 1865 224 1931 Scriptor,
236 1865 328 1915 abhinc
339 1882 418 1916 annos
430 1873 529 1916 centum
540 1866 583 1931 qui
594 1866 695 1927 decidit,
706 1867 773 1917 inter
884 1880 927 1921 dec.
940 1879 964 1921 ο.
972 1881 992 1920 4.
1002 1881 1022 1921 s.
1032 1882 1063 1921 ls.
1139 1903 1142 1906 -

106 1948 234 1998 Perfectos
244 1954 389 2012 veteresque
400 1948 488 1998 referri
499 1948 578 2010 debet,
592 1966 625 1998 an
637 1950 703 1999 inter

106 2031 177 2080 Viles
188 2037 263 2095 atque
274 2031 373 2079 novos?
406 2030 531 2080 Excludab
538 2030 624 2097 jurgia
635 2032 700 2081 finis.

105 2114 155 2163 Est
165 2121 238 2164 votus
249 2119 324 2178 atque
335 2114 437 2179 probus,
448 2121 548 2165 eentum
558 2115 600 2179 qui
612 2115 710 2179 perficit
720 2132 808 2167 annos.

54 2201 89 2247 40
105 2196 181 2258 Quid,
194 2196 237 2261 qui
248 2196 357 2262 deperiit
367 2197 449 2246 minor
459 2213 509 2246 uno
520 2213 605 2246 mense
615 2199 658 2247 vel
668 2214 742 2259 anno,

105 2280 177 2330 Inter
187 2297 249 2345 quos
260 2264 405 2329 referendus
417 2278 484 2328 erit?
500 2284 628 2328 veteresne
639 2284 744 2344 poema·

105 2365 148 2413 rin
158 2379 219 2428 quos
233 2369 258 2412 et
268 2378 379 2427 praesens
391 2368 417 2411 et
427 2367 528 2426 postera
538 2369 642 2426 respuat
651 2370 713 2412 aetas
720 2305 750 2414 id

104 2445 160 2494 Iste
170 2443 270 2509 quidem
280 2450 378 2494 veteres
389 2442 456 2493 inter
467 2450 572 2509 ponetur
582 2444 692 2504 honeste,

105 2526 156 2583 Qui
167 2527 208 2575 vel
219 2543 311 2620 mense
316 2525 386 2575 brevi
397 2527 439 2576 vel
450 2533 503 2577 boio
515 2534 553 2577 est
559 2525 646 2593 junior
656 2544 731 2578 snno.

52 2613 88 2661 45
104 2597 172 2660 Utor
182 2626 305 2686 permisso
240 2585 447 2674 “W‘eaudaeque
459 2609 524 2676 pilos
536 2616 564 2658 ut
574 2611 686 2684 equinas
724 2671 727 2678 Α

104 2692 233 2743 Paidatim
243 2693 311 2742 vello
322 2698 348 2742 et
358 2691 430 2743 domo
441 2709 526 2752 unum,
537 2691 608 2742 demo
619 2700 644 2743 et
655 2675 716 2742 iterii
727 2707 816 2800 uuum

106 2829 140 2869 28.
152 2830 259 2871 manne
311 2828 348 2868 31.-
359 2826 370 2868 i
383 2826 587 2869 utrumnum
637 2829 670 2869 41.
685 2828 695 2870 ἲ
708 2789 785 2869 tuisse.
