2475 3284
255 238 509 290 EPISTOLARUM
520 240 587 291 ΜΒ.
605 240 639 291 II.
658 239 686 291 ii.

118 371 197 421 Forte
209 372 256 421 sub
267 371 313 421 hoc
324 378 423 436 tempus
433 373 564 439 castellum
575 380 686 423 evertere
698 380 791 439 praetor

1 461 2 530 i
68 458 101 505 35
119 454 212 504 Nescio
223 454 289 519 quod
300 453 402 519 cupiens
413 455 510 506 horteri
521 456 597 521 eoepit
607 457 713 507 eundem

118 538 219 598 Verbis,
232 555 286 603 quae
296 538 385 587 timido
397 555 492 603 quoque
503 547 605 604 possent
616 540 707 589 addere
718 545 843 590 mentem:

118 620 143 679 I,
155 622 226 681 bone,
238 638 286 686 quo
297 622 378 671 virtus
390 629 470 672 tuate
481 630 559 683 vocet,
572 622 582 672 i
592 623 654 688 pede
666 625 757 683 feusto,

119 704 235 753 Grendie
245 706 343 755 latinus
354 707 500 756 meritorum
510 707 621 772 praernie.
655 707 723 763 Quid
734 715 786 757 stes
795 709 807 757 i

119 785 184 835 Post
194 786 246 837 hese
257 787 300 837 ille
311 795 381 839 cetus
393 791 553 854 quentumvis
564 791 688 841 rusticus:
706 791 767 851 Ibit,

67 873 101 919 40
119 869 175 919 Ibit
186 887 222 930 eo,
233 887 281 935 quo
292 872 339 931 vis,
351 873 393 937 qui
404 890 492 924 zonam
503 873 620 939 perdidit,
632 874 722 938 inquit.

119 951 208 1002 Romae
219 954 310 1004 nutriri
322 955 384 1005 mihi
395 956 501 1021 contigit
512 963 585 1022 etque
597 957 679 1007 doceri
898 965 931 1007 4¹·
945 955 967 996 S.
977 955 996 995 ¹·
1005 956 1024 996 θ’
1034 957 1066 995 ⁷⁶·

120 1036 207 1085 Iratus
219 1037 294 1087 Greis
305 1046 427 1102 quentum
437 1040 563 1090 nocuisset
573 1040 691 1091 Achilles.
898 1050 932 1089 42·
945 1039 1083 1079 c.1.15.34.

120 1117 241 1183 Adjecere
252 1122 323 1171 bonae
334 1123 409 1186 poulo
420 1124 478 1187 plus
489 1123 552 1172 ertis
564 1124 678 1184 Athenae,

120 1202 222 1252 Scilicet
231 1209 262 1252 ut
271 1205 361 1254 vellem
373 1221 448 1256 curvo
458 1206 586 1258 dinoscere
596 1213 692 1257 rectum

69 1290 102 1336 45
120 1288 204 1349 Atque
215 1286 283 1336 inter
293 1287 370 1337 silves
382 1288 500 1339 Academi
511 1306 619 1354 queerere
630 1307 724 1341 verum.

120 1369 193 1418 Dure
205 1369 249 1419 sed
260 1387 371 1421 emovere
382 1373 436 1423 loco
446 1389 486 1422 me
497 1380 610 1438 tempore
621 1380 701 1437 grato,

122 1451 261 1517 civilisque
272 1454 358 1504 rudem
369 1455 431 1504 belli
442 1455 502 1505 tulit
512 1463 588 1505 aestus
600 1456 627 1505 in
638 1472 709 1505 erme

122 1535 230 1586 Gesseris
241 1538 348 1601 Augusti
361 1555 410 1588 nou
422 1556 572 1604 responsura
582 1539 691 1589 lacertis.

123 1619 199 1669 Unde
210 1619 286 1669 simul
297 1621 406 1686 primunr
416 1638 456 1671 me
467 1621 582 1671 dimisere
593 1622 707 1687 Philippi

74 1705 106 1753 50
123 1702 223 1753 Decisis
233 1703 353 1753 humilem
363 1703 452 1769 pennis
464 1704 610 1769 inopemque
622 1704 721 1769 paterni
749 1737 756 1755 ι

121 1786 156 1835 Et
167 1787 229 1836 leris
241 1793 268 1837 et
277 1786 357 1847 fundi,
369 1793 503 1852 paupertas
514 1787 615 1852 impulit
626 1787 709 1837 eudex

121 1869 158 1918 Ut
170 1886 257 1919 versus
269 1872 375 1919 facerem
385 1888 391 1931 ;
409 1870 460 1931 sed,
473 1872 538 1936 quod
549 1888 599 1921 non
611 1871 684 1931 desit,
696 1872 830 1922 habentem
901 1882 943 1921 des.
957 1881 979 1922 s.
988 1881 1008 1921 2.
1017 1882 1036 1921 3.
1048 1882 1091 1921 123.

118 1953 181 2008 Quae
191 1960 309 2018 poterunt
319 1970 436 2019 umquem
447 1955 509 2004 setis
521 1971 659 2020 expurgare
670 1954 764 2014 cicutae,

119 2034 154 2083 Ni
165 2036 254 2084 melius
265 2036 372 2086 dormire
383 2042 469 2101 putem
480 2054 554 2102 quem
566 2037 674 2087 scribere
684 2040 793 2088 versus?
897 2046 943 2084 uer.
958 2045 979 2084 s.
989 2045 1008 2084 2.
1018 2045 1036 2084 1.
1047 2047 1067 2086 7,
1098 2059 1100 2064 v

71 2120 102 2168 55
121 2117 224 2181 Singula
235 2119 266 2168 de
277 2119 349 2169 nobis
360 2120 421 2168 enni
432 2120 576 2185 praedentur
588 2127 674 2170 euntes
685 2139 691 2180 ;

120 2201 240 2265 Eripuere
248 2200 325 2266 jocos,
337 2202 466 2262 Venerem,
478 2202 600 2262 convivis,
611 2202 714 2263 ludum;
899 2205 930 2257 5⁶·
944 2206 969 2246 Ε
980 2207 999 2247 1·
1008 2209 1028 2247 7·
1038 2210 1069 2247 25.

120 2283 236 2333 Tendunt
246 2290 390 2349 extorquere
401 2290 531 2350 poemate,
550 2285 610 2350 quid
622 2285 713 2336 faciem
724 2286 784 2336 vis?

120 2366 232 2430 Denique
244 2356 293 2416 nori
305 2384 390 2417 omnes
402 2367 487 2417 eedem
497 2368 622 2417 mirentur
633 2375 782 2433 ementque:

121 2447 236 2498 Carmine
248 2456 277 2498 tu
287 2450 388 2514 gaudes,
400 2451 441 2500 hic
452 2451 589 2501 delectetur
599 2451 700 2509 iembis,
720 2512 723 2523 Ι
897 2471 949 2510 iam.
958 2469 983 2509 Ε,
993 2471 1012 2510 1.
1022 2470 1053 2510 19,
1065 2472 1097 2511 2⁵3.

70 2536 101 2582 60
120 2533 167 2581 Ille
178 2533 280 2582 Bioneis
292 2533 447 2583 sermonibus
460 2541 485 2583 et
496 2534 548 2582 sele
559 2533 639 2597 nigro.
897 2555 937 2593 eal.
951 2554 973 2594 s,
984 2556 1003 2594 1.
1013 2555 1044 2594 ιο,
1054 2557 1073 2594 a,

120 2615 180 2664 Tres
192 2615 254 2664 mihi
266 2616 376 2666 convivae
388 2633 464 2681 prope
475 2615 608 2665 dissentire
619 2616 745 2676 videntur,
897 2605 941 2652 nie.
949 2605 970 2644 s.
977 2606 1021 2645 1.4.
1027 2607 1097 2647 85-91.

120 2698 252 2749 Poscentes
264 2699 334 2750 vario
346 2700 453 2748 multum
464 2697 563 2747 diverse
575 2699 668 2763 peleto.

316 2876 317 2880 Ἰ
411 2832 444 2873 42.
458 2828 537 2871 Graiis.
