2475 3284
131 200 189 260 166
599 201 627 262 Q.
645 200 783 252 ΗΟΕΑΠ
800 201 926 252 rossel

353 349 419 400 Nom
429 348 501 400 vitiis
513 367 585 400 nemo
596 350 651 400 sine
663 352 790 411 nescitum
808 350 917 416 optimus
928 349 972 399 ille
984 356 1030 409 est,

130 446 174 485 dut.
188 443 209 482 8.
219 444 238 482 1.
248 444 267 482 4.
277 443 321 482 1³5.
353 432 402 489 Qui
414 432 525 483 minimis
537 442 647 498 urgetur.
681 434 783 485 Amicus
795 435 882 494 dulcis,
895 440 924 484 ut
934 449 1031 498 aequum
1042 440 1089 493 est,

353 515 416 564 Cum
427 533 482 565 mea
493 525 636 582 compenset
646 516 717 567 vitiis
728 518 801 578 bona,
813 516 928 582 pluribus
939 515 1016 575 hisce,
1097 530 1101 541 “
1121 519 1156 570 70

353 598 381 648 Si
391 599 464 649 modo
475 600 547 664 plura
558 599 621 648 mihi
633 601 774 659 bonosum,
786 600 904 649 inclinet:
924 597 1003 648 emori

129 692 170 728 ou.
183 687 208 727 B.
217 689 237 727 2.
247 690 266 728 i.
275 688 307 727 30.
354 681 381 730 Si
391 683 459 731 volet
470 682 517 731 heo
528 682 590 746 lege,
601 682 628 731 in
640 682 737 732 trutina
748 689 854 748 ponetur
865 681 958 732 eedem.

353 763 403 819 Qui
415 781 445 813 ne
456 764 585 814 tuberibus
596 765 705 830 propriis
718 766 828 816 offendet
839 764 945 815 amicum

353 847 475 908 Postulat,
487 847 598 912 ignoscet
608 848 718 898 verrucis
729 848 813 898 illius:
832 864 929 912 aequum
940 854 986 905 est,

352 931 464 981 Peccatis
475 931 574 981 veniam
584 939 726 997 poscentem
737 931 838 981 reddere
849 947 943 980 rursus.
1120 931 1152 981 75

354 1014 474 1079 Denique,
485 1022 607 1079 quatenus
616 1015 696 1065 excidi
707 1014 807 1081 penitus
818 1014 907 1064 vitiem
918 1013 963 1063 irae

354 1097 442 1147 Cetera
452 1097 513 1148 item
524 1106 650 1162 nequeunt
661 1099 747 1148 stultis
757 1098 886 1158 haerentie,
898 1113 943 1146 cur
953 1112 1003 1144 non

353 1180 509 1230 Ponderibus
519 1180 676 1245 modulisque
689 1181 741 1230 suis
752 1181 817 1230 ratio
829 1179 916 1239 utitur,
928 1195 957 1229 oc
968 1196 1007 1228 res

354 1264 391 1313 Ut
401 1280 503 1328 quaeqne
514 1269 560 1323 est,
572 1263 609 1312 ite
622 1264 751 1328 suppliciis
763 1263 854 1313 delicte
864 1265 978 1313 oo'e'rcet?

353 1346 381 1395 Si
392 1346 447 1411 quis
458 1363 514 1396 eum
526 1363 633 1406 servum,
645 1346 757 1411 potinem
768 1346 810 1411 qui
822 1347 910 1395 tollere
915 1343 1002 1411 jussus
1121 1348 1153 1393 80

130 1444 166 1493 lis.
179 1443 201 1483 s.
211 1444 230 1483 2.
240 1443 259 1483 4.
271 1443 304 1483 79.
354 1429 466 1479 Semesos
477 1429 558 1494 pisces
569 1429 729 1494 tepidumque
740 1428 866 1493 ligurierit
874 1427 925 1494 jus,

129 1536 173 1566 cru.
187 1525 212 1565 Ε.
221 1527 240 1565 1.
250 1526 281 1564 16.
295 1525 328 1564 48.
353 1511 385 1560 In
396 1528 466 1561 cruce
478 1512 585 1575 suffigat,
597 1511 712 1561 Labeone
724 1511 837 1561 insanior
847 1511 914 1560 inter

125 1615 174 1661 fur,
188 1613 210 1653 s,
220 1615 239 1654 2,
248 1614 268 1653 3.
277 1614 323 1654 207.
353 1593 431 1644 Senos
442 1594 547 1644 dicatur.
581 1595 682 1650 Quanto
692 1595 739 1645 hoc
750 1594 868 1644 furiosius
880 1601 953 1658 etque

129 1687 169 1726 del.
178 1697 197 1726 v.
212 1687 256 1725 141.
352 1675 437 1742 Mnjus
449 1683 577 1742 peccatum
588 1682 641 1727 est!
675 1677 783 1727 Paulum
793 1675 900 1741 deliquit
910 1675 1011 1733 amicus,

352 1759 425 1816 Quod
436 1759 486 1809 nisi
497 1760 624 1819 ooncedes
635 1760 743 1810 habeare
754 1760 874 1819 insuavis,
887 1759 1002 1808 acerbus:
1120 1761 1152 1807 85

353 1841 436 1892 Odisti
447 1850 473 1892 et
483 1842 550 1907 fugis
560 1851 590 1892 ut
601 1843 729 1894 Rusonem
740 1843 839 1893 debitor
849 1841 920 1902 airis3

128 1942 177 1981 Kal.
191 1941 230 1990 np.
240 1942 259 1980 2.
272 1942 305 1982 το,
352 1925 401 1980 Qui
413 1925 470 1985 nisi,
482 1943 538 1976 cum
549 1926 635 1976 tristes
646 1927 737 1976 misero
748 1943 837 1977 venere
849 1924 978 1982 Kelendae,

352 2008 490 2058 Mercedem
502 2016 546 2058 aut
557 2026 671 2059 nummos
682 2010 747 2059 unde
757 2009 823 2059 unde
835 2007 947 2066 extricat,
959 2023 1056 2057 amaros

128 2112 160 2162 39,
174 2109 201 2150 Α,
210 2110 235 2150 p,
244 2110 297 2159 4743
351 2093 468 2142 Porrecto
476 2090 566 2157 jugulo
576 2093 697 2142 historias
708 2092 822 2158 captivus
834 2083 951 2141 ut‘nudit

243 2160 289 2198 420.
373 2175 505 2224 omminxit
515 2176 606 2225 lectum
617 2182 692 2240 potus
703 2191 820 2224 mensave
831 2174 944 2224 catillum
1118 2176 1151 2221 90
1164 2220 1166 2223 .

351 2258 463 2308 Euandri
474 2259 590 2308 menibus
602 2258 691 2307 tritum
703 2256 808 2324 dejecit:
826 2259 859 2307 ob
868 2258 934 2307 hono
944 2273 1004 2315 rem,
1115 2257 1119 2263 ’
1132 2252 1189 2333 „pvb

351 2343 404 2391 Aut
414 2341 524 2406 positum
535 2348 593 2391 ente
604 2358 660 2391 mes
671 2341 729 2407 quie
740 2342 837 2407 pullum
848 2341 875 2391 in
886 2347 958 2406 porte
969 2339 1048 2390 catini
1097 2302 1132 2388 [l

351 2425 459 2475 Sustulit
471 2424 591 2484 esuriens,
602 2426 687 2474 minus
698 2426 746 2475 hoo
752 2424 878 2490 jucundus
890 2423 984 2473 amicus

351 2507 390 2557 Sit
400 2507 483 2557 mihi?
515 2507 583 2564 Quid
593 2507 692 2567 faciem,
705 2507 727 2557 si
739 2509 834 2556 furtum
846 2507 940 2567 fecerit,
952 2513 997 2556 eut
1008 2506 1029 2556 si

350 2590 492 2641 Prodiderit
502 2591 634 2641 commissa
644 2591 694 2640 fide
706 2608 854 2656 sponsumve
866 2591 983 2655 negarit?
1050 2580 1079 2651 Ni
1117 2594 1150 2640 95

350 2673 413 2731 Quis
424 2674 495 2739 peris
507 2691 560 2724 esse
572 2676 624 2724 fere
635 2673 729 2739 placuit
740 2681 849 2738 peccata,
860 2675 978 2725 laborant

383 2795 466 2836 69:74.
479 2795 613 2844 loequnmst.
664 2795 697 2833 79.
711 2793 847 2843 iquaequest.
897 2796 930 2835 85.
944 2796 1032 2835 acerbus
1041 2794 1113 2835 odlstl.
