2475 3284
234 204 487 256 EPISTOLABUM
504 204 571 256 ΠΒ.
588 206 610 255 Ι.
626 203 679 255 xvi.

104 337 207 388 Diceret
217 338 332 397 urendos,
343 344 465 388 corrector
475 337 584 388 Bestius.
618 330 690 387 Idem

104 420 233 485 Quidquid
244 428 298 470 erat
308 429 398 471 nactus
408 420 497 486 praedae
507 417 618 486 majoris,
630 420 673 469 ubi
685 436 757 469 omne

103 504 221 553 Verterat
232 503 258 552 in
270 505 366 552 fumum
377 504 527 564 etcinerem,
539 505 596 554 Non
607 505 705 554 hercule
716 503 801 564 miror,

59 590 88 636 40
103 585 205 646 Aiebat,
217 585 239 636 si
251 587 292 651 qui
304 588 436 637 comedunt
446 589 520 647 bona,
531 604 587 637 cum
598 587 633 637 sit
644 588 718 638 obeso
881 604 932 634 mm.
947 593 968 634 S.
978 594 997 634 1.
1007 594 1026 633 2.
1035 593 1054 633 8.

103 668 149 717 Nil
161 667 250 717 melius
262 668 343 729 turdo,
355 669 392 718 nil
403 670 478 720 volva
488 668 615 734 pulchrius
628 670 719 734 ampla.

104 749 232 800 Nimirum
243 750 284 800 hic
295 767 340 815 ego
352 768 421 811 sum;
439 768 498 800 nam
509 757 565 800 tuta
576 759 602 800 et
612 752 719 815 parvula
729 750 812 810 laudo,

105 834 169 884 Cum
180 851 220 883 res
232 833 358 893 deficiunt,
370 834 433 884 satis
444 834 511 884 inter
520 833 584 883 vilia
595 833 685 893 fortis;

105 915 207 976 Verum,
218 916 262 965 ubi
273 916 334 981 quid
345 916 433 965 melius
445 915 550 980 contigit
561 921 586 964 et
596 915 703 974 unctius,
715 914 781 965 idem

62 1003 90 1050 45
105 999 157 1049 Vos
169 1016 256 1065 sapere
268 1007 294 1048 et
305 1000 371 1048 solos
382 998 423 1048 aio
434 1000 496 1048 bene
507 999 599 1057 vivere,
611 1014 715 1062 quorum

107 1081 265 1147 Conspicitur
276 1081 364 1131 nitidis
376 1080 481 1131 fundata
491 1079 597 1146 pecunia
607 1080 685 1131 villis.

420 1314 494 1368 XVI.

108 1447 147 1495 Na
157 1444 318 1512 perconteris,
330 1446 424 1505 fundus
435 1463 513 1507 meus,
524 1446 617 1512 optime
629 1445 739 1506 Quincti,

49 1518 54 1524 ¹
108 1530 175 1578 Arvo
186 1535 354 1593 peccaterum
364 1545 397 1578 an
408 1528 478 1579 bacis
490 1530 618 1593 opulentet
629 1529 708 1588 olivae,

22 1665 23 1676 ἵ
108 1610 223 1666 Pomisne
235 1617 261 1659 et
272 1611 361 1675 pratis,
373 1627 405 1659 an
417 1610 510 1661 amicta
520 1610 616 1660 vitibus
628 1612 703 1669 ulmo,

22 1697 23 1708 ¹
108 1692 233 1742 Scribetur
244 1692 293 1763 tibi
304 1694 385 1743 forma
395 1693 531 1758 loquaciter
542 1699 568 1742 et
579 1693 643 1742 situs
654 1693 717 1757 agri.

81 1779 93 1824 ὁ
109 1774 225 1826 Continui
236 1782 341 1835 montes,
354 1776 380 1825 ni
391 1775 555 1825 dissocientur
566 1791 643 1840 opaca

108 1858 185 1918 Valle,
198 1858 244 1908 sed
254 1865 284 1907 ut
294 1858 397 1908 veniens
408 1858 523 1907 dextrum
533 1859 601 1907 latus
612 1856 737 1922 adspiciat
747 1857 798 1918 Sol,

23 1971 24 1978 κ
107 1941 207 1991 Ioemm
219 1941 347 1992 discedens
358 1958 432 1991 curru
442 1941 554 2005 fugiente
564 1948 676 2005 vaporet.

108 2024 262 2091 Temperiem
273 2023 367 2076 laudes.
401 2024 475 2084 Quid,
488 2023 510 2073 si
521 2024 659 2073 rubicunda
670 2024 773 2088 benigni

109 2107 187 2158 (lerna
198 2124 288 2172 vepres
299 2113 325 2156 et
335 2095 415 2172 pruna
426 2108 528 2157 ferant?
545 2106 567 2155 si
578 2123 682 2171 quercus
694 2115 720 2156 et
729 2108 781 2156 ilex

69 2193 93 2238 10
108 2190 189 2240 Multa
200 2191 273 2253 fruge
283 2206 365 2255 pecus,
377 2190 457 2239 multa
468 2189 595 2239 dominum
603 2187 677 2255 juvet
687 2189 796 2239 umbra?

106 2272 179 2322 Dicas
191 2272 328 2322 adductum
336 2257 441 2337 propius
452 2272 568 2322 frondere
579 2272 724 2323 Tarentum.

107 2355 170 2404 Fons
183 2355 260 2405 etiam
272 2355 326 2406 rivo
337 2356 396 2406 dare
407 2372 496 2405 nomen
508 2356 620 2415 idoneus,
632 2362 660 2404 ut
671 2372 717 2405 nec
883 2373 914 2403 η.
928 2363 952 2404 0.
961 2364 980 2404 3.
989 2364 1021 2403 1³.

107 2437 230 2503 Frigidior
240 2439 362 2488 Thracam
374 2455 418 2488 nec
429 2438 514 2504 purior
524 2438 620 2487 ambiat
631 2438 740 2499 Hebrus,
883 2457 913 2497 ις.
927 2448 953 2508 E,
962 2449 981 2487 1.
991 2448 1010 2488 3.
1020 2448 1040 2486 3.

107 2521 207 2572 Infirm0
218 2521 297 2586 capiti
308 2521 364 2571 fluit
375 2521 454 2581 utilis,
466 2520 537 2570 utilis
548 2522 613 2571 alvo.

68 2606 92 2654 lb
106 2604 150 2655 Hae
160 2607 267 2656 latebrae
278 2604 370 2666 dulces,
383 2604 466 2666 etiam,
479 2604 502 2653 si
512 2603 599 2665 credis,
612 2618 724 2664 amoenae,

27 2735 30 2844 p
107 2739 276 2780 xv.41.vn1va.
377 2747 425 2779 xvr.
439 2740 459 2780 2.
472 2738 557 2779 herum.
659 2735 804 2784 ambraus.

176 2806 194 2844 8.
209 2801 425 2852 beniguebenlgnae.
476 2803 496 2842 9.
509 2802 592 2844 terunt.
655 2801 688 2842 10.
701 2799 772 2850 iuvat.
