2475 3284
268 205 520 257 EPISTOLARUM
536 205 603 258 ΗΒ.
619 205 641 258 I.
658 207 685 260 ii.
1042 207 1101 268 237

122 338 191 388 Dum
203 338 260 399 sibi,
272 339 333 389 dum·
343 338 416 390 sociis
427 339 535 390 rsditum
545 346 626 405 parat,
639 357 727 405 aspera
737 340 818 390 multa

122 422 240 482 Pertulit,
253 423 364 472 adversis
376 440 459 473 rerum
470 424 648 473 immersabilis
660 424 742 475 undis.
901 434 959 473 imm.
973 432 996 473 c.
1006 435 1025 473 4.
1035 435 1055 472 4.
1065 434 1098 472 ta.

123 504 241 555 Sirenum
251 522 323 555 voces
335 512 360 555 et
371 506 450 556 Circes
461 508 549 571 poeula
561 506 627 557 nosti
637 525 644 567 ;

122 588 186 643 Quae
198 587 219 636 si
231 604 287 637 cum
298 587 371 637 sociis
383 589 477 637 stultus
488 588 640 654 cupidusque
651 588 764 649 bibisset,

75 671 106 719 25
124 670 175 719 Sub
187 669 289 719 domina
299 670 427 720 meretrice
439 671 529 721 fuisset
540 670 622 736 turpis
634 679 660 721 et
671 688 766 731 excors,

123 752 237 802 Vixisset
248 752 316 803 canis
328 753 471 802 immundus
482 755 523 803 vel
535 753 615 803 amica
626 755 680 803 luto
692 771 742 805 sus.

123 835 177 884 Nos
189 852 305 885 numerus
318 852 403 885 sumus
415 842 440 885 et
451 837 535 900 fruges
547 853 689 886 consumere
701 853 717 885 n
726 837 762 895 ati,
896 851 946 897 sin.
959 848 1054 889 stall.
1065 850 1096 889 1⁰.

124 919 214 984 Sponsi
225 920 362 985 Penelopae,
376 921 519 978 nebulones,
532 920 679 985 Alcinoique
901 938 947 979 Ab.
961 938 1099 978 E.1.15.‘.>4.

1 1021 2 1040 i
124 1002 156 1050 In
167 1007 223 1051 cute
234 1001 342 1051 curanda
353 1004 411 1067 plus
423 1018 492 1066 ecquo
504 1008 606 1067 operata
613 1001 742 1067 juventus,
901 1034 945 1063 cur,
959 1022 980 1063 s,
990 1024 1010 1063 2.
1020 1024 1039 1063 5,
1049 1023 1080 1062 38.

1 1133 3 1152 Γ
76 1087 107 1134 30
124 1083 170 1134 Cui
182 1084 313 1149 pulchrum
324 1085 374 1134 fuit
384 1085 411 1133 in
422 1085 516 1135 medios
529 1085 636 1135 dormire
648 1086 709 1147 dies,
722 1093 747 1136 et

1 1165 2 1168 ’
123 1166 164 1216 Ad
175 1166 307 1232 strepitum
319 1167 421 1217 cithares
431 1175 555 1218 cessatum
566 1169 654 1219 (lucere
666 1187 757 1219 curam.

123 1250 161 1298 Ut
167 1247 284 1314 jugulent
294 1249 415 1309 homines,
428 1256 534 1314 surgunt
544 1250 574 1299 de
587 1258 657 1300 nocte
669 1252 793 1301 latrones:

123 1332 161 1381 Ut
171 1338 196 1380 te
206 1331 289 1396 ipsum
302 1348 392 1392 serves,
405 1348 455 1381 non
466 1332 665 1398 expergisceris?
698 1335 784 1399 Atqui,

123 1413 150 1463 Si
161 1415 231 1463 noles
243 1430 326 1474 senus,
338 1432 421 1465 curres
432 1415 583 1480 hydropicus
593 1434 599 1475 ;
617 1422 644 1465 et
655 1416 681 1472 ni

1 1509 2 1518 ¹
75 1499 105 1546 35
122 1496 211 1546 Posces
223 1503 281 1546 ante
292 1496 359 1546 diem
369 1497 463 1547 librum
474 1515 530 1547 cum
542 1498 643 1558 lumine,
657 1498 679 1547 si
691 1516 741 1548 non

123 1578 242 1627 Intendes
254 1578 365 1629 animum
377 1579 467 1630 studiis
479 1587 505 1630 et
515 1581 589 1630 rebus
600 1580 722 1641 honestis,

123 1660 224 1711 Invidia
234 1662 275 1711 vel
286 1679 369 1712 amore
380 1663 443 1727 vigil
454 1665 608 1728 torquebere.
642 1665 708 1713 Nam
720 1682 770 1725 cur,

123 1743 184 1799 ouae
195 1744 290 1793 laedunt
301 1746 405 1805 oculum,
418 1745 523 1795 festinas
535 1734 648 1805 demere;
668 1747 689 1795 si
701 1747 761 1812 quid

123 1827 174 1876 Est
181 1827 300 1887 animum,
312 1828 397 1878 differs
408 1828 511 1878 curandi
523 1834 622 1894 tempus
633 1828 660 1877 in
672 1832 784 1880 annum?

1 1919 3 1938 '
75 1914 107 1959 40
123 1909 262 1959 Dimidium
273 1910 340 1970 facti,
353 1910 395 1975 qui
407 1911 488 1976 coepit,
500 1911 589 1962 habet:
609 1929 695 1976 sapere
706 1913 784 1973 aude;

124 1992 216 2059 incipe.
250 1993 299 2049 Qui
311 2001 376 2043 recte
387 1994 488 2044 vivendi
499 2002 617 2059 proroget
628 1996 722 2055 horam,

124 2075 241 2125 Rusticus
254 2083 387 2141 exspectat,
399 2077 458 2125 dum
470 2076 563 2126 defluat
574 2078 670 2137 amnis;
687 2086 715 2128 at
725 2079 769 2129 ille

1 2187 2 2208 i
28 2160 32 2169 '
124 2157 229 2207 Labitur
239 2164 265 2207 ct
276 2160 374 2209 labetur
385 2159 411 2208 in
424 2176 496 2209 omne
507 2160 626 2210 volubilis
637 2177 724 2211 aevum.

125 2240 249 2295 Quaeritur
260 2247 390 2304 argentum
401 2241 531 2306 puerisque
543 2243 617 2291 beata
628 2243 741 2293 creandis

39 2339 43 2347 ’
78 2325 108 2371 45
125 2322 200 2382 Uxor,
214 2328 239 2372 et
250 2321 350 2372 insultes
361 2331 482 2388 pacantur
492 2342 591 2375 vomere
603 2325 688 2375 silvae:
899 2350 933 2389 45.
947 2338 972 2378 Ε.
982 2340 1001 2378 r.
1011 2340 1030 2380 2.
1041 2340 1091 2396 186,

125 2405 196 2461 Quod
207 2405 269 2454 satis
281 2412 320 2455 est
330 2407 369 2456 cui
381 2407 511 2471 contingit,
523 2408 587 2457 nihil
599 2408 707 2473 amplius
719 2417 794 2474 optet.
899 2429 932 2480 4⁶,
947 2430 998 2471 ω,
1008 2433 1027 2471 1.
1038 2432 1077 2476 25;

126 2489 182 2537 Non
192 2489 279 2538 domus
292 2496 317 2539 et
328 2489 427 2550 fundus,
440 2508 489 2540 non
500 2491 557 2540 aeris
568 2508 671 2541 cosmus
682 2499 708 2541 et
719 2493 774 2542 auri
899 2534 930 2572 m‘.
939 2543 982 2571 am·
996 2485 1043 2573 8662·
1048 2485 1097 2573 {33‘4'

126 2571 228 2634 AEgroto
239 2570 333 2620 domini
345 2571 448 2622 deduxit
458 2589 558 2637 corpore
570 2574 660 2632 febres,
899 2592 931 2632 47.
946 2582 969 2623 0.
979 2584 998 2622 3.
1009 2585 1027 2623 1.
1037 2586 1069 2624 41.

128 2652 183 2702 Non
194 2652 277 2703 animo
288 2670 368 2704 curas.
401 2655 492 2705 Valeat
502 2672 630 2720 possessor
640 2661 745 2721 oportet,

153 2787 184 2826 28.
195 2784 339 2837 Metuainum
351 2786 410 2830 In...
504 2790 537 2831 46.
550 2791 650 2841 contigit,
658 2790 702 2842 hic,
712 2791 761 2839 (vel)
770 2789 796 2833 is.
