2475 3284
111 698 144 745 36.
158 696 182 736 E.
192 698 210 737 1.
220 697 240 737 2.
247 697 279 736 55.

584 222 612 284 Q.
629 221 768 274 HORATI
784 221 911 274 lusco!

336 355 476 406 Permolere
487 371 585 407 uxores.
619 357 705 406 Nolim
715 356 848 416 laudarier,
860 355 949 420 inquit,
1106 360 1138 407 35

336 440 376 490 Sic
386 457 433 500 me,
445 439 550 489 mirator
560 440 635 490 cunni
648 439 800 505 Cupiennius
812 439 872 489 albi.

335 522 429 572 Audire
440 528 480 572 est
490 539 570 587 operae
580 522 696 587 pretium,
708 522 838 587 procedere
850 528 915 571 recte

336 605 385 660 Qui
396 606 498 655 moechis
509 621 559 655 non
570 605 655 665 voltis,
666 611 696 654 ut
706 605 774 655 omni
785 612 857 670 parte
868 606 997 665 laborent3

335 686 419 752 thue
430 688 482 737 illis
494 689 573 737 multo
584 694 701 752 corrupta
711 687 796 737 dolore
807 688 930 753 voluptas,

334 772 416 835 Atque
426 771 480 820 haec
490 787 554 830 rara,
566 770 640 820 cadat
650 771 713 819 dura
724 770 791 820 inter
801 787 866 835 saepe
877 770 977 835 pericla.
1104 775 1136 820 40

334 854 385 903 Hic
396 871 422 903 se
433 854 584 919 praecipitem
595 860 661 903 tecto
672 853 747 915 dedit,
760 853 803 903 ille
814 854 921 917 flagellis

334 936 375 985 Ad
385 943 491 986 mortem
502 953 587 996 caesus,
599 936 699 1000 fugiens
710 936 751 985 hic
762 936 854 985 decidit
865 952 946 985 acrem

335 1019 482 1068 Praedonum
493 1020 520 1068 in
532 1021 640 1079 turbam,
652 1019 722 1069 dedit
732 1019 773 1068 hic
785 1036 830 1084 pro
841 1036 941 1084 corpore
953 1036 1075 1070 nummos.

253 1149 256 1155 .
335 1102 410 1152 Hunc
420 1102 608 1167 perminxerunt
618 1103 731 1161 calones;
748 1101 808 1166 quin
820 1102 896 1151 etiam
907 1102 970 1151 illud

111 1439 155 1480 Sal.
169 1437 192 1478 O.
201 1440 221 1477 2.
230 1439 250 1477 2.
260 1439 279 1478 3.

335 1183 440 1244 Accidit,
451 1191 481 1233 ut
491 1184 592 1249 quidam
604 1190 681 1234 testes
692 1184 844 1248 caudamque
855 1185 960 1234 salacem
1104 1191 1136 1237 45

335 1265 478 1316 Demeteret
488 1268 561 1317 ferro.
595 1267 613 1316 J
613 1284 665 1327 ure,
677 1283 777 1317 omnes:
796 1269 878 1317 Galba
889 1269 1003 1331 negabat.

336 1347 423 1398 Tutior
434 1355 461 1398 at
471 1356 565 1413 quanto
576 1366 647 1399 merx
658 1356 697 1398 001
707 1349 734 1398 in
746 1351 825 1400 classe
837 1351 951 1409 secunda,

334 1430 521 1480 libertinarum
531 1431 594 1491 dico,
607 1431 742 1481 Sallustius
753 1431 781 1481 in
792 1449 854 1497 quas

334 1512 392 1562 Non
403 1512 486 1562 minus
497 1513 594 1563 insanit
605 1530 680 1579 quam
690 1514 733 1578 qui
744 1515 894 1564 moeehatur:
913 1521 941 1565 at
951 1515 993 1565 liic
1004 1516 1034 1575 01,

335 1597 391 1651 Qua
402 1612 450 1656 res,
462 1613 511 1660 qua
522 1596 587 1645 ratio
598 1597 720 1656 suaderet,
733 1614 829 1662 quaque
839 1598 950 1648 modeste
1103 1603 1134 1649 50

334 1678 455 1728 Muniflco
466 1695 520 1728 esse
531 1679 597 1738 licet,
608 1680 686 1728 001101
696 1682 776 1729 bonus
787 1687 861 1744 etque
873 1681 995 1745 benignus

334 1762 405 1821 Esse,
417 1761 489 1811 daret
499 1769 619 1827 quantum
633 1762 695 1811 00110
707 1770 773 1812 00001
784 1780 828 1813 nec
839 1763 888 1812 sibi
900 1764 991 1813 damno

335 1844 501 1909 Dedecorique
513 1846 584 1895 foret
618 1847 712 1894 Verum
722 1846 768 1895 lroc
780 1863 806 1895 se
818 1847 977 1911 amplectitur
987 1865 1045 1907 uno,

334 1927 391 1976 Hoc
400 1934 469 1976 amat
479 1935 506 1976 01
515 1927 618 1977 laudat:
636 1928 779 1977 Matronam
791 1930 886 1979 nullam
898 1946 943 1993 ego
951 1937 1034 1994 tango.

335 2010 372 2057 Ut
383 2009 506 2074 quondam
517 2010 648 2071 Marsaeus,
660 2019 757 2061 amator
769 2011 880 2076 Originis
892 2012 943 2072 ille,
1103 2017 1134 2064 55

335 2091 384 2147 Qui
396 2092 505 2156 patrium
516 2093 599 2142 mimae
609 2092 688 2142 donat
699 2093 850 2158 fundumque
862 2096 994 2160 laremque,

335 2175 380 2223 Nil
391 2175 468 2224 fuerit
478 2176 521 2235 mi,
533 2175 623 2240 inquit,
635 2192 691 2225 cunr
702 2176 822 2225 uxoribus
833 2194 950 2241 umquam
961 2178 1058 2228 alienis.

334 2257 428 2308 Verum
439 2265 478 2307 001
489 2275 545 2307 oum
556 2258 648 2317 mimis,
661 2264 700 2308 001
710 2275 767 2308 cum
777 2260 958 2319 meretricibus,
969 2260 1035 2309 unde

335 2339 413 2389 Fama
424 2342 517 2390 malum
528 2341 629 2405 gravius
640 2358 715 2405 quam
725 2359 766 2391 res
777 2343 863 2392 trahit.
897 2345 937 2392 An
949 2342 996 2392 tibi
1008 2344 1106 2394 abunde

335 2421 470 2472 Personam
482 2424 545 2472 00110
557 2430 602 2484 001,
616 2441 666 2473 non
678 2424 749 2484 illud,
761 2425 881 2490 quidquid
892 2427 982 2491 ubique
1102 2431 1133 2477 60

336 2505 426 2565 Officit,
438 2505 550 2556 evitare?
584 2506 681 2555 Bonam
692 2506 823 2571 deperdere
835 2510 935 2569 famam,

335 2588 399 2639 Rem
410 2589 490 2655 patris
501 2590 629 2648 oblimare,
641 2590 736 2638 malum
747 2596 786 2640 est
796 2590 950 2655 ubicumque.
979 2592 1046 2649 Quid
1057 2593 1133 2644 inter-

486 2776 518 2816 37.
532 2776 543 2816 l
556 2775 658 2815 andlrest.
802 2778 834 2817 62.
849 2777 859 2817 1
872 2777 983 2821 malumst.
