2475 3284
595 234 622 295 Q.
644 233 781 285 Hoaffl
798 234 926 285 FLAOC'I

730 447 791 499 VII.

359 577 513 629 Pnoscarrru
524 578 601 643 Regis
612 578 700 644 Rupili
711 595 759 644 pus
770 586 844 643 atque
854 596 977 630 sensnum

360 661 476 726 Hybrida
486 679 534 726 quo
545 668 618 727 pacto
629 662 664 711 sit
674 661 776 711 Persius
787 663 864 722 ultus,
876 663 964 727 opinor

361 745 482 795 Omnibus
494 753 520 795 et
530 746 607 811 lippis
619 753 707 796 notum
718 752 744 795 et
755 745 898 795 tonsoribus
910 763 971 796 esse.

359 829 460 879 Persius
471 830 513 879 hic
523 846 658 895 permagna
669 829 769 893 negotia
780 829 851 879 dives
862 829 971 879 habebat

360 912 521 971 Clazomenis,
533 912 608 961 etiam
619 912 677 960 lites
688 927 744 961 cum
756 911 823 975 Rege
835 913 960 971 molestae,
1151 915 1172 962 5

359 994 444 1044 Diuus
455 994 528 1043 homo
539 1000 612 1057 atque
625 994 681 1043 odio
692 994 734 1057 qui
746 1000 831 1058 posset
841 994 940 1044 vincere
951 994 1053 1059 Regem,

358 1076 492 1127 confidens
503 1076 667 1141 tumidusque,
680 1076 742 1125 adeo
754 1077 875 1126 sermonis
886 1077 973 1137 amari,

359 1160 485 1220 Sisennae,
496 1160 587 1209 Barros
599 1166 629 1208 ut
640 1159 709 1224 equis
721 1166 882 1225 praecurreret
892 1160 965 1209 albis.

358 1243 400 1293 Ad
410 1243 504 1308 Regem
515 1243 594 1293 redeo.
628 1242 765 1307 Postquam
776 1243 841 1292 nihil
852 1243 918 1292 inter
928 1250 1059 1308 utrumque

359 1327 494 1386 Convenit余
511 1326 556 1375 hoc
567 1325 660 1375 etenim
671 1332 732 1374 sunt
742 1342 826 1375 omnes
834 1325 891 1390 jure
902 1325 1009 1385 molesti,
1133 1332 1168 1376 10

357 1410 508 1469 Quo-fortes,
519 1409 609 1473 quibus
621 1408 754 1458 adversum
765 1410 860 1458 bellum
871 1408 973 1458 incidit:
992 1409 1059 1458 inter

356 1494 466 1542 Hectora
477 1491 619 1541 Priamiden
632 1490 772 1540 animosum
783 1498 857 1555 atque
867 1492 934 1540 inter
944 1490 1069 1541 Achillem

356 1575 400 1624 Ira
411 1575 460 1624 fuit
470 1573 592 1639 capitalis,
605 1580 635 1623 ut
645 1573 735 1622 ultima
746 1573 869 1623 divideret
879 1590 954 1634 mors,

355 1659 413 1707 Non
425 1657 501 1706 aliam
512 1657 543 1706 ob
554 1672 663 1715 causam,
675 1655 725 1705 nisi
736 1656 801 1721 quod
812 1657 893 1707 virtus
904 1656 931 1706 in
943 1663 1047 1723 utroque

268 1780 270 1787 i
355 1741 457 1789 Summa
468 1738 533 1798 fuit余
551 1738 600 1788 duo
612 1739 634 1788 si
646 1738 770 1788 discordia
780 1746 854 1789 vexet
865 1739 958 1789 inertes
1130 1744 1164 1790 15

355 1825 407 1872 Aut
419 1822 440 1871 si
452 1821 594 1886 disparibus
606 1821 700 1871 bellum
711 1822 812 1882 incidat,
825 1829 854 1871 ut
865 1822 979 1874 Diomedi

356 1906 418 1955 Cum
428 1904 504 1969 Lycio
516 1905 618 1963 Glauco,
630 1904 742 1954 discedat
752 1905 848 1970 pigrior
857 1906 924 1955 ultro

353 1987 502 2038 Muneribus
513 1987 605 2038 missis.
639 1988 718 2038 Bruto
730 1994 834 2052 praetore
845 1995 945 2037 tenente

354 2071 439 2120 Ditem
449 2070 545 2129 Asiam,
557 2069 645 2135 Rupili
656 2077 682 2119 et
693 2071 764 2120 Persi
775 2087 821 2135 par
832 2077 935 2135 pugnat,
947 2069 984 2119 uti
997 2087 1047 2118 non

354 2153 524 2218 Gompositum
535 2153 625 2202 melius
637 2170 692 2203 cum
702 2154 778 2202 Bitho
789 2153 918 2202 Bacchius.
952 2154 984 2202 In
992 2150 1036 2216 jus
1123 2155 1157 2200 20

353 2238 429 2286 Acres
440 2242 595 2301 procurrunt,
606 2252 725 2300 magnum
737 2237 904 2300 spectaculum
915 2242 1025 2301 uterque.

352 2319 454 2369 Persius
466 2319 568 2384 exponit
578 2336 695 2379 causam余
712 2319 808 2368 ridetur
819 2321 852 2368 ab
864 2317 932 2368 omni

352 2403 495 2452 Conventu:
513 2400 600 2450 laudat
610 2401 717 2450 Brutum
728 2401 862 2466 laudatque
873 2400 1006 2460 cohortem,

351 2486 433 2534 Solem
445 2483 513 2534 Asiae
525 2484 632 2532 Brutum
644 2484 764 2547 appellat,
777 2485 912 2548 stellasque
924 2485 1037 2532 salubres

349 2569 470 2632 Appellat
480 2566 589 2627 comites,
601 2573 703 2631 excepto
715 2565 798 2631 Rege:
817 2569 911 2617 Canem
922 2567 1002 2627 illum,
1122 2572 1156 2619 25

349 2650 463 2700 Invisum
475 2649 590 2714 agricolis
603 2648 680 2708 sidus,
692 2648 808 2709 venisse余
825 2651 915 2699 ruebat

349 2732 454 2781 Flumen
465 2740 495 2782 ut
505 2731 646 2791 hibernum,
658 2732 738 2781 fertur
749 2749 797 2796 quo
808 2748 865 2780 rara
877 2732 978 2783 securis.

349 2816 414 2866 Tum
423 2815 593 2866 Praenestinus
605 2816 672 2865 salso
682 2817 808 2882 multoque
819 2816 907 2866 fluenti
