2475 3284
540 232 543 237 ⁴
603 184 633 245 Q?
648 184 786 235 HORATI
802 183 930 235 street

474 315 569 376 ‘Vane
581 334 636 381 quae
646 323 719 383 porte
729 318 827 381 fugiens
839 318 933 367 eburna

488 399 617 448 Somnium
628 399 714 449 ducit?
747 399 970 449 Meliusnefluetus

489 482 531 533 Ire
541 499 586 548 per
596 483 684 546 longos
695 482 751 542 fuit,
763 499 796 531 en
807 489 918 532 recentes

622 566 729 630 Otrpere
740 566 832 615 fleres?

475 672 584 738 ‘Si'quis
595 674 716 723 infamem
726 673 788 722 mihi
800 680 865 723 nune
872 670 1007 738 juvencum

489 757 572 807 Dedet
582 757 660 817 iretae,
673 758 782 807 lacerare
794 757 860 805 ferro
872 763 898 805 et

489 839 614 904 Frangere
626 840 707 889 enitar
717 839 791 889 modo
801 839 909 888 multum
920 838 997 889 amati

623 923 721 972 Cornua
731 921 845 971 monstri.

475 1028 626 1095 “Impudens
637 1029 699 1094 liqui
710 1029 806 1094 patries
816 1029 937 1078 Penates:

490 1112 626 1178 Impudens
634 1112 725 1161 Oreum
735 1128 824 1161 morer.
860 1111 880 1160 Ο
893 1111 994 1160 deorum

490 1195 517 1244 Si
529 1194 585 1260 quis
595 1195 648 1244 hoee
658 1194 738 1253 audis,
750 1195 846 1244 utinam
858 1194 925 1244 inter
935 1211 1013 1244 errem

624 1277 699 1327 Nuda
709 1278 806 1327 leones!

476 1385 634 1450 ‘Antequam
644 1384 725 1449 turpis
736 1385 827 1434 meeies
837 1384 949 1434 decentis

493 1468 601 1532 Oceupet
611 1468 699 1526 males,
711 1473 849 1531 teneraeque
860 1484 933 1516 sucus

494 1551 594 1600 Defluat
604 1550 702 1615 praedae,
714 1550 825 1614 speciose
835 1565 918 1614 quaere

626 1633 731 1683 Pascere
741 1633 826 1696 tigres.

456 1748 485 1771 “⁶
494 1742 560 1792 Vilis
571 1742 691 1806 Europe,''
702 1748 774 1807 peter
784 1747 857 1805 urget
867 1742 965 1800 absens,

470 1830 485 1852 “
495 1823 561 1880 Quid
571 1824 636 1873 mori
647 1826 749 1874 cesses?
782 1824 857 1873 Potes
868 1823 915 1873 hee
925 1824 957 1872 ab
969 1837 1029 1873 orno

493 1907 634 1957 Pendulum
644 1923 707 1956 zone
716 1908 779 1956 bene
791 1911 816 1956 te
828 1912 912 1956 secuta

627 1989 728 2039 Laedere
738 1989 837 2039 eellunt

456 2105 486 2126 “⁴
494 2097 551 2147 Sive
562 2104 587 2147 te
598 2113 672 2162 rupes
684 2104 710 2147 et
719 2104 792 2147 acute
803 2098 854 2147 lete

495 2180 560 2229 Sere
570 2178 702 2239 delectent,
713 2197 759 2244 ege
770 2185 795 2229 te
805 2180 919 2245 preeessae

496 2262 573 2335 Crede
584 2262 677 2312 veloci:
691 2263 740 2312 nisi
752 2263 812 2313 erile
822 2263 902 2325 meris

629 2346 735 2411 Carpere
746 2362 858 2410 pensum,
891 2362 895 2371 ·

458 2460 464 2481 ‘
474 2451 589 2517 “Regius
601 2453 711 2517 sanguis,
724 2453 877 2518 dominaeque
888 2453 954 2503 tradi
1134 2458 1166 2504 65

496 2536 615 2585 Betberae
626 2536 745 2600 pellex.’'’
779 2535 875 2585 Aderat
886 2535 998 2601 querenti

495 2618 622 2669 Perfidum
632 2617 717 2667 ridens
727 2619 820 2678 Venus,
833 2625 858 2667 et
868 2619 973 2668 remisse

628 2700 709 2749 Filius
721 2717 787 2750 areu.

383 2805 491 2847 Mauri.
516 2807 663 2851 tadeeentes.
689 2807 721 2845 57.
730 2807 816 2853 urguet.
841 2805 957 2848 63.hen‘le.
983 2808 1015 2848 66.
1025 2806 1107 2858 paelex,
1117 2806 1143 2849 B.
