2475 3284
130 217 189 276 286
600 213 628 274 Q.
644 212 783 263 ΗΟΒΑΠ
798 212 927 263 FLACOI

355 346 466 396 Saltibus
477 344 566 412 adjecti
578 345 680 405 Lueani,
693 345 715 396 si
726 346 800 395 metit
811 346 888 395 Orous

133 452 177 492 179.
190 439 314 480 0.1.4.13.
355 429 467 479 Grandia
477 446 533 479 oum
544 428 636 494 parvis,
650 445 700 478 non
712 428 846 478 exorabilis
857 429 938 477 auro?

91 572 94 577 ¹
220 491 315 580 iiii&
355 513 480 572 Gemmas,
491 530 607 572 marmor,
619 514 688 572 ebur,
700 511 829 577 Tyrrhena
840 511 931 575 sigilla,
944 511 1060 569 tabellas,
1110 512 1160 558 180

133 628 188 657 mur,
197 616 221 656 c,
230 617 287 656 216.
297 616 329 655 35.
355 599 500 661 Argentum,
512 603 593 647 vestes
605 597 703 646 Gaetulo
714 595 806 645 muriae
817 594 918 655 tinctas,

356 681 420 729 Sunt
427 680 472 744 qui
484 697 533 730 uon
545 679 663 740 habeant,
675 677 767 743 estqui
779 695 829 728 non
841 685 912 728 eurat
922 678 1022 727 habere.

132 786 169 815 ces.
183 774 208 814 u.
218 774 237 813 1.
247 774 267 813 7.
276 773 308 813 57.
356 763 408 813 Gur
417 764 482 812 alter
493 764 601 813 fratrum
611 778 708 811 cessare
720 768 746 811 et
755 761 840 812 ludere
852 769 878 811 et
888 761 948 825 ungi

356 847 478 896 Praeferat
489 845 598 896 Herodis
608 843 726 910 palmetis
738 844 880 910 pinguibus,
893 846 958 894 alter

356 928 433 978 Dives
444 935 470 978 et
480 927 637 993 importunus
648 927 806 977 adumbram
816 927 880 977 lucis
891 928 924 977 ab
935 933 991 976 ortu
1112 930 1160 976 185

134 1022 177 1074 mit.
191 1018 284 1058 O.1.18.
294 1019 313 1058 2.
357 1011 502 1060 Silvestrem
513 1010 620 1060 flammis
632 1016 658 1059 et
669 1012 735 1060 ferro
745 1010 844 1074 mitiget
854 1026 949 1074 ugrum,

137 1123 186 1166 Gen.
193 1069 220 1159 ξ’,
227 1071 249 1158 {3}
256 1070 332 1158 {⁸7²3}
357 1079 411 1143 Scit
420 1093 522 1152 Genius,
534 1094 618 1142 natale
629 1110 710 1142 comes
721 1092 764 1157 qui
775 1098 898 1158 temperet
908 1099 1012 1151 astrum,

193 1170 218 1210 Ε·
228 1171 247 1210 ²·
256 1171 275 1209 ¹·
285 1170 329 1207 144.
357 1177 460 1226 Naturae
471 1176 532 1226 deus
543 1176 663 1236 humanae,
677 1176 790 1226 mortalis
801 1176 828 1225 in
840 1193 918 1225 unum

358 1258 476 1324 Quodque
487 1265 568 1324 eaput,
580 1259 650 1308 voltu
661 1258 798 1317 mutabilis,
810 1259 883 1307 albus
895 1264 993 1307 stater.

137 1362 180 1402 190.
193 1348 314 1389 s.1.1.51.
358 1343 424 1392 Utar
434 1348 460 1392 et
471 1359 501 1392 ex
511 1341 614 1401 modico,
626 1348 747 1405 quantum
757 1357 798 1389 res
810 1347 900 1406 poscet,
913 1357 1001 1390 acervo
1113 1345 1160 1389 190

137 1440 179 1478 her.
193 1438 218 1478 Ε.
228 1438 247 1477 1.
256 1437 276 1477 5.
285 1436 317 1475 13.
359 1426 462 1485 Tollam,
476 1441 520 1474 nec
530 1431 647 1482 metuam,
660 1424 719 1488 quid
730 1424 760 1473 do
771 1441 811 1473 me
818 1421 915 1489 judicet
925 1424 1003 1482 heres,

360 1508 432 1565 Quod
443 1525 492 1557 non
503 1509 576 1573 plura
587 1507 654 1557 detis
665 1507 804 1567 invenerit;
822 1514 847 1556 et
858 1514 943 1556 tamen
953 1506 1020 1556 idem

360 1591 426 1640 Scire
437 1592 526 1652 volam,
539 1597 660 1655 quantum
671 1590 778 1655 simplex
788 1590 924 1655 hilarisque
936 1590 1020 1655 nepoti

139 1697 182 1740 194.
196 1685 329 1727 S.1.1.104.
360 1673 496 1739 Diearepet‚
509 1681 533 1722 et
544 1679 664 1737 quantum
676 1672 800 1722 discordet
810 1689 898 1737 parcus
910 1689 993 1722 avaro.

360 1757 447 1806 Distat
457 1756 530 1814 enim,
543 1772 646 1821 sparges
657 1763 701 1805 tua
711 1755 837 1821 prodigus,
850 1771 882 1805 au
894 1772 972 1819 neque
983 1760 1112 1820 sumptum

361 1839 460 1890 invitus
472 1839 549 1888 fatias
561 1856 641 1903 neque
652 1840 725 1904 plura
735 1856 823 1904 parare
835 1838 941 1896 labores,
1114 1840 1160 1887 196

361 1924 398 1972 Ao
408 1922 499 1987 potius,
511 1938 574 1987 puer
584 1928 614 1971 ut
624 1922 697 1971 festis
710 1921 907 1986 Quinquatribus
918 1920 985 1982 olim,

140 2021 184 2069 198.
198 2018 221 2057 0.
231 2018 250 2057 3.
260 2018 279 2056 8.
288 2018 327 2062 w
360 2006 458 2070 Exiguo
468 2011 586 2069 gratoque
598 2004 691 2055 fruaris
702 2011 813 2069 tempore
824 2003 925 2069 raptim.

262 2068 294 2107 Ἀ
303 2068 335 2106 ³²·
361 2087 495 2153 Pauperies
507 2086 635 2136 immunda
646 2088 731 2135 damete
741 2087 827 2152 procul
838 2086 920 2135 absit:
938 2101 990 2148 ego,
1002 2092 1088 2135 utrum

361 2171 432 2220 Nave
443 2172 510 2219 ferar
520 2185 611 2233 magna
622 2185 655 2218 an
666 2186 751 2234 parvo,
764 2171 832 2219 ferar
842 2185 907 2238 unus
919 2176 944 2217 et
953 2167 1027 2217 idem.
1072 2232 1074 2236 .
1113 2171 1162 2216 200

140 2275 186 2309 201.
198 2266 222 2307 0.
231 2269 251 2307 u.
261 2266 293 2307 1⁰.
302 2266 335 2306 23.
361 2253 419 2302 Non
430 2252 528 2316 agimur
538 2251 643 2301 tumidis
654 2251 717 2301 volis
728 2252 844 2317 aquilone
856 2251 961 2300 seeundo
971 2269 977 2309 ;

254 2342 255 2345 ’
362 2336 418 2385 Non
430 2341 514 2385 tamen
525 2334 637 2384 adversis
646 2340 745 2384 aetatem
755 2334 867 2384 ducimus
878 2332 978 2394 austris,

140 2440 182 2480 spe.
195 2429 221 2470 Ε.
230 2430 249 2469 1.
258 2429 278 2469 6.
286 2428 319 2468 49.
362 2418 471 2479 Viribus,
483 2417 591 2482 ingenio,
602 2415 691 2481 speeie,
703 2417 802 2477 virtute,
814 2418 874 2475 loeo,
887 2433 914 2465 re

363 2501 475 2553 Extremi
486 2501 630 2566 primorum,
642 2500 759 2549 extremis
771 2516 848 2564 usque
859 2498 962 2563 priores.

142 2612 187 2658 κς.
200 2600 222 2643 S.
231 2601 251 2640 2.
260 2599 280 2642 3.
289 2599 333 2638 159.
364 2586 421 2635 Non
432 2601 458 2634 es
470 2599 575 2633 avarus:
593 2582 649 2642 abi;
667 2582 733 2646 quid,
745 2589 826 2632 cetera
833 2580 888 2647 jam
899 2581 975 2630 simul
985 2581 1035 2631 isto
1115 2585 1164 2632 205

365 2667 428 2717 Cum
438 2666 501 2716 vitio
511 2667 614 2730 fugere?
649 2665 724 2715 Caret
734 2664 782 2714 tibi
794 2671 880 2729 peetus
891 2664 963 2713 inani

365 2748 528 2800 Ambitione?
562 2747 736 2804 Caretmortis
747 2746 880 2797 formidine
892 2753 917 2797 et
927 2747 985 2796 ira?
