2475 3284
125 214 182 273 190
582 212 609 274 Q.
633 212 772 264 HORATI
788 211 915 262 FLACOI

124 354 164 394 inc.
178 353 199 394 S.
209 354 228 395 2.
238 353 257 394 1.
267 354 300 394 63.
346 345 481 396 inventore
491 345 586 407 minor,
604 362 684 410 neque
694 362 739 409 ego
750 345 789 396 illi
801 345 931 395 detrahere
943 342 1025 393 ausim

347 429 490 479 Haerentem
501 428 578 494 capiti
589 445 647 479 cum
657 430 738 479 multa
748 428 822 478 leude
833 444 957 478 coronam.

346 512 383 560 At
392 510 445 559 dixi
456 513 532 560 fluere
543 511 609 561 huuc
620 512 780 571 lutulentum,
792 528 858 576 saepe
869 512 991 559 ferentem

346 594 424 643 Plura
435 593 535 658 quidem
546 595 658 645 tollende
670 594 847 660 relinquendis.
880 594 942 658 Age,
954 608 1045 657 quaeso,

346 677 385 726 Tu
396 676 461 726 nihil
471 677 498 726 in
510 694 600 742 magno
611 678 698 728 doctus
709 677 871 743 reprehendis
882 678 1011 727 Homero?

122 755 169 795 Aac.
182 753 208 795 ll.
217 756 237 796 ²·
246 755 265 795 1.
275 756 307 796 ⁵⁶·
345 759 390 809 Nil
401 760 478 810 comis
489 760 577 825 tragici
588 768 672 811 mutat
681 761 793 811 Lucilius
804 760 883 811 Acci?

184 805 299 846 munes.
429 842 434 853 ,
650 844 656 855 ,
734 844 739 855 ,
833 845 838 855 ,

122 856 177 897 Eun.
191 857 216 897 Ε.
226 858 272 896 21.
283 858 315 898 so.
345 842 403 892 Non
414 843 481 893 ridet
490 860 578 893 uersus
589 844 658 894 Enni
669 851 794 909 gravitate
805 861 922 903 mmores,

189 906 216 947 A·
225 907 250 947 P·
259 908 303 947 ²⁶⁹·
347 926 409 976 (lum
420 926 451 975 de
462 943 488 976 se
500 926 610 991 loquitur
621 944 670 977 nou
682 934 711 977 ut
721 927 815 993 majore
826 927 970 993 reprensis?

346 1008 414 1064 Quid
423 1016 493 1059 vetat
504 1015 530 1059 et
540 1017 638 1060 nosmet
648 1011 730 1060 Lucili
742 1011 835 1076 scripta
846 1011 956 1075 legentes

346 1091 471 1151 Quaerere,
482 1109 543 1142 num
554 1093 633 1152 illius,
645 1110 705 1144 num
715 1111 799 1143 rerum
810 1094 873 1143 dura
884 1091 982 1157 negarit

347 1173 490 1224 Versiculos
502 1181 592 1224 nutura
603 1176 684 1239 magis
695 1177 774 1225 factos
786 1181 812 1225 et
822 1181 909 1224 euntes

346 1255 450 1306 Mollius
462 1273 491 1306 ac
503 1256 525 1305 si
536 1257 593 1322 quis
603 1258 709 1323 pedibus
721 1258 781 1322 quid
792 1259 905 1308 claudere
917 1256 993 1317 senis,

122 1340 167 1380 duc.
181 1340 202 1380 S·
212 1340 230 1380 1.
237 1341 257 1380 4.
266 1340 293 1379 9:
345 1340 401 1390 Hoc
412 1345 511 1388 tentum
521 1345 661 1399 contentus,
673 1346 740 1389 emet
751 1339 881 1405 scripsisse
892 1339 1011 1388 ducentos

345 1422 412 1471 Ante
422 1421 506 1471 cibum
516 1438 611 1481 versus,
624 1422 729 1472 totidem
739 1429 855 1482 cenatus;
873 1421 974 1472 Etrusci

345 1490 426 1561 Quale
437 1505 486 1554 fuit
498 1504 569 1555 (lassi
580 1504 669 1570 rapido
680 1505 817 1554 ferventius
828 1505 897 1554 amni

345 1587 485 1651 Ingenium,
497 1586 578 1652 capsis
589 1604 663 1652 quem
674 1588 742 1637 lame
754 1595 793 1637 est
804 1605 858 1637 esse
869 1587 990 1651 librisque

345 1671 496 1719 Ambustum
507 1670 625 1736 propriis.
658 1671 745 1720 Fuerit
756 1669 875 1730 Lucilius,
887 1670 996 1735 inquam,

286 1779 289 1785 ·
346 1753 430 1804 Comis
444 1761 469 1803 et
479 1755 598 1813 urbanus,
610 1753 688 1803 fuerit
698 1753 809 1803 limatior
819 1753 886 1803 idem

345 1836 428 1891 Quem
438 1836 508 1885 rudis
520 1842 545 1885 et
556 1836 651 1886 Grtecis
662 1835 751 1886 intacti
762 1835 880 1886 carminis
892 1841 986 1894 auctor,

346 1919 475 1984 Quemque
485 1924 615 1984 poetarum
627 1919 752 1969 seniorum
763 1919 852 1979 turba,
870 1918 914 1968 sed
925 1918 977 1978 ille,

346 2002 373 2052 Si
385 2003 450 2053 foret
459 2002 506 2052 hoc
517 2009 631 2052 nostrum
642 2003 695 2052 feto
706 2003 800 2052 dilatus
811 2001 838 2051 in
849 2018 936 2062 aevum

123 2110 162 2139 rec.
174 2099 202 2140 A.
211 2099 236 2140 P.
244 2099 290 2138 447.
347 2085 477 2135 Detereret
487 2085 536 2135 sibi
547 2087 635 2144 multa,
646 2085 766 2136 recideret
777 2102 850 2134 omne
860 2084 926 2149 quod
936 2084 1004 2133 ultra

347 2168 488 2219 Perfectum
498 2169 647 2229 traherem,
659 2176 684 2219 et
694 2168 721 2218 in
732 2185 807 2219 versu
817 2166 930 2218 faciendo

348 2251 417 2316 Saepe
428 2258 504 2317 caput
515 2253 635 2311 scaberet,
646 2251 718 2302 vivos
730 2259 754 2302 et
765 2251 973 2314 roderetungues.

348 2334 418 2400 Saepc
429 2336 516 2385 stilum
526 2342 611 2387 vertes
622 2336 713 2386 iterum
724 2352 779 2400 ques
789 2335 866 2399 digna
876 2334 926 2398 legi
938 2333 991 2382 sint

347 2417 498 2483 Scripturas,
510 2435 588 2483 neque
598 2424 625 2468 te
636 2425 665 2468 ut
675 2418 780 2468 miretur
790 2418 865 2467 turbe
875 2418 982 2474 labores,

124 2515 156 2555 74·
170 2503 265 2544 E·1·19·
277 2505 309 2544 34.
349 2499 486 2550 Contentus
497 2501 583 2566 paucis
594 2501 737 2551 lectoribus.
770 2500 812 2549 An
823 2506 867 2548 tua
878 2499 980 2548 demens

123 2590 163 2628 dic.
176 2590 300 2629 E.2.1.71.
348 2580 449 2630 Vilibus
461 2581 488 2631 in
499 2582 566 2631 ludis
577 2582 668 2632 dictari
679 2580 791 2631 carmina
801 2580 896 2630 melis?
1116 2582 1146 2634 75

122 2686 167 2725 ece.
181 2676 205 2718 Ε.
215 2678 234 2717 s.
246 2677 266 2718 1.
276 2677 322 2718 185.
347 2662 404 2714 Non
411 2680 467 2729 ego:
481 2681 539 2715 nem
546 2664 608 2715 satis
616 2670 656 2715 est
662 2662 770 2728 equitem
777 2661 840 2711 mihi
847 2661 974 2727 plaudere,
982 2668 1011 2713 ut
1017 2661 1099 2713 audax

670 2829 703 2870 63.
717 2827 825 2869 limant.
