2475 3284
308 222 518 274 SATIRARUM
534 222 600 274 ΗΒ.
617 223 639 274 Ι.
656 223 682 273 ii.
1067 225 1124 283 159

147 359 223 408 Hunc
233 355 255 406 si
267 355 426 421 perconteris,
439 356 480 408 avi
492 372 536 407 cur
546 362 620 421 atque
632 353 744 419 parentis

147 440 297 490 Praeclaram
307 440 408 504 ingrata
418 440 527 504 stringat
537 441 618 489 malua
630 437 741 502 ingluvie
752 453 813 495 rem,
926 451 945 489 a.
959 449 984 489 11,
995 451 1013 489 1.
1025 451 1057 489 rs.
1066 450 1099 488 40.

149 523 240 572 Omnia
251 523 377 573 conductis
388 527 501 572 coimens
512 521 617 573 obsonia
628 521 737 570 nummis
746 538 752 580 ;

101 608 131 654 10
149 605 268 655 Sordidus
280 605 442 670 atqueunimi
454 605 602 670 quodparvi
614 603 783 662 nolithaberi,
925 623 967 652 ser.
980 612 1002 651 S.
1011 613 1030 652 2.
1040 614 1060 651 2.
1070 614 1102 652 53.

149 687 307 752 Respondet:
325 688 443 738 laudatur
453 688 545 747 abhis,
557 689 673 752 culpatur
683 688 716 736 ab
728 687 789 737 illis.

149 770 262 820 Fufidius
272 788 361 836 vappae
372 773 466 821 famam
476 771 549 821 timet
560 787 589 820 ac
600 770 740 829 nebulonis,
926 785 975 824 sap.
989 775 1069 816 s.1.1.
1081 775 1125 814 104.

149 852 228 903 Dives
239 854 314 918 agris,
325 854 395 905 dives
406 853 496 919 positis
507 854 534 902 in
546 855 632 904 fenore
644 853 768 903 nummis:

149 935 246 991 Quinas
257 936 297 986 hic
307 937 383 1001 capiti
394 936 518 987 mercedes
530 943 629 987 exsecat
639 944 713 1001 atque
927 950 978 979 mer·
992 939 1013 979 S·
1023 940 1042 978 1.
1052 939 1071 978 3·
1081 938 1113 976 88·

101 1021 132 1067 15
150 1019 251 1074 Quanto
261 1018 382 1083 perditior
392 1020 496 1084 quisque
507 1027 552 1080 est,
564 1025 636 1070 tento
647 1019 729 1069 acrius
740 1026 826 1084 urget;

150 1101 260 1151 Nomina
271 1108 380 1152 sectatur
390 1102 463 1152 modo
474 1109 575 1167 sumpta
586 1109 656 1153 veste
667 1102 737 1152 virili
927 1103 1124 1143 nom.s.a.1.105.

150 1184 202 1234 Sub
213 1185 327 1249 patribus
338 1185 408 1235 duris
418 1185 536 1235 tironum.
570 1185 690 1245 Maxime,
702 1184 758 1249 quis
770 1201 828 1243 non,

150 1268 281 1333 Juppiterl
299 1269 428 1328 exclamat,
440 1268 515 1317 simul
526 1274 601 1332 atque
613 1267 730 1318 audivit?
757 1270 793 1317 Aa
804 1268 830 1316 in
842 1285 869 1316 se

150 1348 200 1399 Pro
211 1357 306 1414 quaestu
317 1357 444 1416 sumptum
455 1351 516 1401 facit
526 1350 574 1400 hic.
608 1351 658 1399 Vix
670 1350 767 1400 medere
778 1350 868 1414 possis,

101 1437 133 1483 20
150 1434 233 1489 Quam
244 1433 293 1483 sibi
305 1451 355 1483 non
367 1433 401 1483 sit
411 1433 514 1493 amicus,
525 1434 564 1483 ita
574 1439 604 1483 ut
614 1439 687 1498 pater
698 1433 749 1492 ille,
761 1432 862 1482 Terenti

150 1515 248 1567 Fabula
259 1532 331 1579 quem
342 1516 461 1566 miserum
472 1522 548 1580 gnato
558 1515 653 1566 vixisse
664 1516 752 1579 fugato

151 1598 258 1658 Inducit,
271 1615 320 1648 nen
332 1615 359 1648 se
370 1597 440 1664 pejus
451 1598 598 1648 cruciaverit
609 1605 683 1662 atque
693 1597 742 1647 hic.

152 1680 245 1745 Siquis
257 1697 322 1730 nunc
332 1687 441 1745 quaerat:
459 1681 514 1737 Quo
525 1696 566 1731 res
577 1681 630 1730 haec
641 1681 771 1745 pertinet?
788 1681 861 1730 illuc:

152 1764 219 1813 Dum
230 1764 313 1815 vitant
323 1763 396 1814 stulti
407 1763 478 1823 vitia,
489 1763 517 1812 in
528 1763 654 1814 contraria
665 1770 775 1814 currunt.

102 1851 135 1897 25
152 1847 276 1896 Maltinus
287 1847 379 1896 tunicis
390 1846 505 1897 demissis
516 1848 631 1897 ambulat
637 1864 644 1907 ;
662 1847 754 1911 estqui

153 1930 249 1993 Inguen
261 1929 293 1979 ad
304 1931 438 1981 obscenum
448 1929 578 1980 subductis
589 1946 668 1994 usquo
678 1930 782 1980 fucatus.

153 2012 273 2062 Pastillos
284 2012 394 2063 Rufillus
405 2013 463 2073 olet,
475 2013 616 2077 Gorgonius
628 2012 732 2062 hircum.
930 2022 962 2064 27·
975 2013 996 2054 S·
1005 2014 1025 2054 1.
1033 2014 1054 2054 4.
1064 2013 1096 2053 9⁴2.

153 2096 197 2145 Nil
208 2095 317 2146 medium
328 2102 373 2147 est.
408 2096 472 2146 Sunt
482 2096 524 2160 qui
536 2097 618 2146 nolint
629 2095 742 2160 tetigisse
753 2095 804 2146 nisi
815 2096 881 2156 illas,

154 2179 265 2234 Quarum
276 2181 381 2228 subsuta
391 2181 457 2229 talos
468 2185 537 2242 tegat
547 2179 637 2231 instita
648 2187 717 2228 veste
727 2197 734 2239 ;

101 2266 135 2312 30
153 2262 247 2311 Contra
258 2260 323 2312 alius
335 2262 432 2312 nullam
443 2261 493 2311 nisi
504 2262 581 2311 olenti
592 2262 619 2311 in
631 2262 724 2312 fornice
737 2269 853 2314 stantem.

152 2344 261 2401 Quidam
273 2350 346 2394 notus
358 2345 499 2394 homocum
510 2344 702 2404 exiretfornice,
715 2346 799 2395 Macte

151 2427 252 2478 Virtute
264 2433 325 2487 esto,
336 2427 419 2492 inquit
429 2427 554 2477 sententia
564 2427 607 2477 dia
618 2428 738 2488 Catonis3

96 2540 102 2552 .
151 2511 219 2560 Nam
231 2511 306 2560 simul
316 2527 345 2561 ao
355 2527 434 2561 venas
445 2509 545 2560 inflavit
554 2516 621 2560 tetra
632 2510 719 2570 libido,

151 2594 211 2644 Huc
218 2592 322 2660 juvenes
334 2610 431 2658 acquum
442 2599 481 2643 est
491 2593 646 2653 descendere,
659 2610 708 2643 nou
720 2593 816 2644 alienas

155 2795 187 2836 15.
201 2794 212 2835 1
225 2794 343 2845 quisquest.
420 2796 453 2836 18.
466 2795 589 2837 medirmut.
667 2797 699 2836 34.
714 2797 725 2837 '.’
738 2798 853 2846 aequumst.
