2475 3284
289 236 481 286 curruum
498 235 564 285 Lm.
581 216 629 286 ιγ’.
646 235 702 288 xie.

190 369 225 419 Et
236 375 312 418 centu
323 369 430 417 tremulo
440 376 501 433 pute
512 368 660 433 Cupidinem

190 452 298 502 Lentum
309 451 437 501 sollicitae.
470 452 520 501 Ille
530 451 637 502 virentis
649 459 675 502 et

223 536 308 584 Doctae
318 535 425 599 psallere
438 534 506 584 Chiae

254 616 372 666 Pulchris
384 617 489 666 excubat
500 616 527 665 in
538 616 617 681 genie.

190 751 352 815 Importunue
364 749 431 799 enim
441 751 585 799 transvolet
596 750 681 799 aridus

190 834 309 893 Quercus,
321 839 347 882 et
356 832 451 897 refugit
461 839 494 892 te,
506 832 566 898 quie
576 832 653 882 luridi

220 917 322 975 Dentes,
334 921 359 965 te
370 916 429 980 quia
439 931 508 979 rugae

256 1000 369 1065 Turpunt
381 1005 406 1049 et
416 999 507 1065 cupitis
518 997 597 1049 nives.

188 1135 241 1184 Nec
252 1134 310 1184 00ae
320 1135 434 1183 referunt
440 1132 496 1198 jum
506 1132 555 1185 tibi
567 1147 692 1197 purpure,

188 1217 241 1267 Nec
252 1216 313 1266 clari
324 1216 421 1281 lapides
433 1224 553 1281 tempora,
565 1232 619 1280 quae
631 1216 707 1265 semel

222 1299 296 1349 Notis
307 1299 407 1349 condita
418 1298 493 1348 fastis

254 1383 362 1433 inclusit
372 1381 480 1433 volucris
495 1381 557 1431 dice.

189 1516 245 1572 Quo
256 1515 322 1580 fugit
331 1515 435 1565 Venus?
452 1514 514 1564 heu!
532 1532 610 1579 quove
623 1516 709 1566 color?
726 1514 814 1564 decens

189 1599 245 1657 Quo
255 1599 357 1649 motus?
374 1596 434 1662 quid
444 1598 523 1647 habes
534 1597 611 1656 illius,
624 1597 701 1656 iilius,

222 1682 283 1738 Quae
295 1681 410 1746 spirabat
419 1683 532 1740 Amores,

254 1766 315 1822 Quae
325 1782 365 1815 me
377 1771 510 1831 surpuerat
519 1764 589 1824 mihi,

187 1899 260 1949 Felix
271 1906 328 1965 post
339 1898 457 1949 Cinaram
469 1903 575 1961 notaque
587 1903 612 1947 et
623 1896 715 1946 artium

85 2039 92 2044 ,
187 1981 429 2033 Gratemmfecies?
463 1981 512 2030 Sed
523 1981 622 2030 Oinarae
633 1979 716 2030 brevis

222 2068 308 2115 Annos
320 2065 374 2114 feta
384 2063 512 2121 dederuut,

256 2148 390 2197 Servatum
400 2144 445 2194 diu
455 2161 542 2211 parem

189 2279 302 2330 Cornicis
312 2280 403 2329 vetulae
413 2278 567 2343 temporibus
578 2278 674 2342 Lycen:

188 2363 296 2412 Possunt
307 2369 335 2412 ut
342 2360 448 2428 juvenes
460 2360 539 2411 visere
551 2360 649 2420 fervidi,

222 2446 305 2495 Multe
316 2462 366 2495 non
378 2444 433 2494 eine
444 2443 504 2503 risu,

256 2528 386 2594 Dilepeam
397 2527 424 2576 in
435 2526 529 2576 cineres
541 2527 628 2576 facem.

163 2678 197 2717 14.
210 2676 263 2717 cari.
370 2678 403 2717 17.
416 2675 474 2715 color
482 2676 575 2716 decens?
684 2676 716 2716 22.
731 2676 812 2715 breves.

408 2740 440 2779 28.
453 2738 570 2787 delapsum.

1058 236 1115 294 121

917 461 957 499 vir.
971 460 994 498 C.
1004 460 1023 499 1.
1033 460 1052 499 9.
1063 460 1094 498 17.

916 1398 946 1437 16.
960 1396 984 1437 O.
994 1398 1013 1436 3.
1022 1397 1054 1435 28.
1063 1398 1083 1435 6.
