2475 3284
180 1158 349 1202 &sthffiffi

180 1289 368 1339 Mnmflffl,

180 1528 349 1572 mahat

175 2400 353 2450 MQMM

175 2487 348 2531 aarum

174 2571 357 2621 nabun

627 242 629 245 v
653 208 682 269 Q.
698 208 836 260 HORATT
852 209 978 260 FLAOCI

772 407 844 459 XVI.
1056 446 1104 535 V

538 538 559 588 0
570 552 658 588 uras
669 539 772 604 pulchra
782 539 836 589 fllia
846 539 979 605 pulchrior,

536 621 615 676 Quem
626 622 765 673 criminosis
776 639 879 688 cumque
890 625 959 673 voles
970 624 1070 674 modum

568 704 650 755 Pones
661 705 760 765 iambis,
772 706 825 756 sive
837 708 938 756 flamma

601 788 659 838 Sive
670 789 734 839 mari
745 789 809 839 libet
819 789 958 841 Hadriano.

536 912 593 960 Non
604 912 767 977 Dindymene,
778 930 828 964 non
840 914 922 979 adytis
933 916 1013 980 quatit
1181 922 1190 966 t

535 994 647 1043 Mentem
659 996 812 1047 sacerdotum
823 997 904 1048 incole
913 999 1029 1063 Pythius,

568 1078 624 1127 Non
635 1078 711 1128 Liber
722 1096 797 1144 aque,
809 1097 858 1130 non
869 1089 942 1131 acuta

601 1161 642 1212 Sic
651 1162 780 1227 geminant
790 1163 944 1228 Corybantes
955 1181 1012 1224 aera,

535 1283 630 1334 Tristes
641 1292 671 1334 ut
680 1285 739 1346 irae;
756 1303 817 1351 quas
829 1303 907 1351 neque
918 1288 1022 1338 Noricus

535 1366 650 1417 Deterret
661 1368 736 1429 ensis,
748 1385 793 1419 nec
803 1386 871 1418 mere
882 1372 1037 1434 naufragum,
1171 1378 1192 1421 lt

568 1450 620 1499 Nec
632 1467 711 1500 saerus
722 1451 796 1516 ignis,
808 1469 852 1502 nee
863 1453 990 1502 tremendo

600 1533 718 1599 Juppiter
728 1535 781 1600 ipse
792 1552 866 1584 ruens
878 1537 995 1587 tumultu.

534 1655 624 1705 Fertur
633 1657 804 1718 Prometheus,
814 1659 904 1709 addere
915 1659 1022 1726 principi

533 1737 605 1789 Limo
615 1746 713 1789 coactus
724 1741 870 1806 perticulam
881 1742 989 1807 undique

566 1821 704 1882 Desectam,
715 1830 741 1872 et
750 1823 833 1873 insani
844 1825 923 1874 leonis
1169 1830 1190 1876 15

598 1904 657 1953 Vim
668 1906 795 1955 stomacho
805 1907 950 1972 apposuisse
961 1915 1053 1959 nostro.

533 2027 582 2078 Ine
592 2028 718 2094 Thyesten
730 2030 807 2080 exitio
817 2031 889 2096 gravi

533 2113 654 2173 Stravere,
667 2120 693 2162 et
703 2113 762 2163 eltis
773 2114 877 2164 urbibus
888 2114 983 2166 ultime

565 2196 660 2245 Stetere
671 2213 758 2257 oausae,
770 2213 813 2246 cur
824 2197 935 2262 perirent

596 2277 729 2339 Funditus,
740 2279 939 2345 imprimeretque
949 2281 1029 2333 muris
1169 2288 1193 2331 20

531 2393 631 2444 Hostile
642 2401 753 2444 aretmm
764 2396 885 2445 exercitus
896 2396 1014 2449 insolens.

531 2476 663 2541 Compesce
675 2485 796 2528 mentem:
813 2496 854 2528 me
864 2497 958 2544 quoque
969 2482 1075 2546 pecteris

564 2559 707 2623 Temptavit
717 2559 744 2609 in
756 2560 821 2611 dulci
827 2559 933 2626 juventa

597 2641 697 2702 Ferror,
710 2643 772 2692 etin
783 2645 873 2694 celeres
884 2644 981 2696 iembos

625 2784 726 2834 &QK
825 2789 973 2830 mmmm
