2475 3284
609 213 637 274 Q.
654 212 792 262 HORATI
809 209 935 261 abaco!

728 425 806 476 XIII.

144 587 161 614 1.
175 575 214 624 Ep.
224 575 243 613 2.
253 574 285 611 30.
398 560 524 609 Honaroa
534 565 670 624 tempestas
682 561 770 609 caelum
780 555 912 615 contraxit,
925 561 950 605 et
961 553 1053 603 imbres

431 643 555 707 Nivesque
567 642 692 691 deducunt
702 642 719 691 J
720 658 790 691 ouem
799 659 805 700 ;
823 656 889 689 nuno
899 655 975 696 mare,
985 653 1050 686 nunc
1062 635 1132 686 siluae

141 751 193 790 m,
207 748 230 790 ρ,
240 749 259 788 4,
269 749 300 787 12.
311 749 330 786 2,
398 725 511 774 Threicio
522 724 645 789 Aquilone
657 730 755 773 sonant.
789 723 935 787 Rapiamus,
947 720 1029 779 amici,

433 807 591 857 Occasionem
602 807 633 856 de
645 806 701 867 die;
718 806 824 870 dumque
835 805 919 854 virent
929 820 1017 868 genua,

399 890 434 939 Et
444 889 521 949 decet,
533 890 640 940 obducta
651 890 763 938 solvatur
773 890 855 939 fronte
868 894 988 936 senectus.
1152 887 1166 932 5

432 973 472 1022 Tu
482 972 542 1022 vina
553 974 678 1036 Torquato
688 988 760 1021 move
773 971 880 1020 Consule
891 985 977 1034 pressa
988 985 1050 1018 meo.

400 1057 489 1106 Cetera
499 1055 572 1104 mitte
583 1054 665 1119 loqui:
684 1054 744 1103 deus
755 1054 808 1103 haec
819 1054 926 1102 fortasse
938 1051 1046 1115 benigna

325 1177 330 1188 .
433 1138 544 1187 Reducet
555 1137 581 1186 in
594 1137 677 1186 sedem
688 1137 749 1186 viee.
783 1135 856 1185 Nunc
867 1143 893 1185 et
903 1134 1061 1185 Achaemenio

319 1256 325 1268 .
400 1221 521 1283 Perfundi
534 1220 611 1269 nardo
618 1219 700 1285 juvat,
712 1226 737 1268 et
747 1219 795 1278 fide
807 1219 926 1283 Cyllenea
1090 1273 1093 1278 ,

433 1304 528 1353 Levare
539 1302 601 1351 diris
613 1308 712 1366 pectora
724 1300 942 1350 sollicitudinibus.
1140 1305 1169 1348 10

401 1386 500 1436 Nobilis
512 1391 541 1435 ut
551 1384 641 1449 grandi
652 1383 741 1434 cecinit
753 1385 891 1434 Centaurus
903 1384 1003 1433 alumno
1012 1399 1053 1432 :—

419 1468 539 1528 ‘Invicte,
551 1467 665 1517 mortalis
677 1466 723 1516 dea
734 1474 792 1517 nate
804 1484 865 1532 puer
876 1466 987 1526 Thetide,

403 1553 437 1601 Te
448 1558 533 1600 manet
543 1551 661 1601 Assaraci
672 1552 756 1610 tellus,
768 1567 843 1614 quam
854 1549 946 1614 frigida
957 1547 1028 1614 parvi

435 1632 548 1682 Findunt
559 1633 703 1682 Scamandri
714 1633 826 1692 flumina,
838 1633 948 1697 lubricus
960 1638 986 1681 et
996 1631 1086 1681 Simois
1097 1649 1102 1690 ;

403 1716 477 1766 Unde
488 1716 535 1766 tibi
547 1715 655 1765 reditum
666 1722 733 1766 certo
745 1715 883 1765 subtemine
895 1716 980 1764 Parcae
1141 1718 1171 1762 15

436 1799 549 1863 Rupere;
567 1816 612 1848 nec
622 1805 703 1848 mater
714 1798 814 1848 domum
825 1799 915 1848 caerula
926 1805 951 1847 ta
962 1797 1069 1847 revehet.

404 1881 462 1931 Illic
472 1898 544 1931 omne
554 1882 649 1930 malum
659 1881 719 1931 vino
730 1888 851 1946 cantuque
862 1882 952 1939 levato,

142 1985 197 2024 aar.
211 1974 250 2023 Ep.
259 1975 291 2014 17.
300 1974 333 2014 73.
437 1963 562 2013 Deformis
573 1963 723 2028 aegrimoniae
734 1963 847 2013 dulcibus
859 1963 990 2028 alloquiis?

657 2238 660 2244 -
734 2205 806 2255 XIV.

471 2372 572 2424 Monars
585 2374 676 2424 inertia
687 2391 730 2424 cur
741 2381 838 2424 tantam
849 2374 978 2425 diffirderit
989 2375 1046 2425 imis

505 2457 663 2508 Oblivionem
675 2458 797 2516 sensibus,

471 2540 564 2590 Pocula
574 2539 688 2589 Lethaeos
699 2545 729 2588 ut
740 2538 762 2588 si
773 2539 889 2590 ducentia
900 2557 999 2590 somnos

505 2624 599 2672 Arente
610 2623 680 2671 fauce
691 2621 817 2684 traxerim,

473 2704 583 2755 Candide
594 2705 725 2763 Maecenas,
737 2703 827 2753 occidis
839 2721 904 2770 saepe
915 2706 1039 2770 rogando:
1157 2711 1173 2757 5

505 2787 582 2847 Deus,
593 2786 654 2837 deus
666 2803 724 2836 nam
735 2803 774 2837 ms
786 2793 856 2838 vetat

671 3112 804 3192 A
