2475 3284
306 251 500 302 CARMINUM
517 251 649 301 1:113.AE
666 267 691 301 x.

232 387 274 436 Ma
286 403 351 435 nunc
362 386 470 435 Thressa
482 385 560 435 Chlor
570 383 643 449 ragit,

264 470 354 518 Dulces
366 468 438 518 docta
449 468 543 527 modos,
555 474 581 517 et
590 468 693 517 eithara
704 466 798 517 sciens:

230 551 279 601 Pro
290 568 338 616 qua
349 568 398 601 uon
409 558 519 600 metuam
530 550 601 608 mori,

232 636 235 640 ’
264 634 290 684 Si
301 641 403 699 paroeat
414 634 504 683 animae
514 635 568 683 fata
579 633 716 699 superstiti.

231 752 273 801 Me
284 758 362 801 torret
373 753 426 801 face
436 757 525 800 mutua

263 833 368 884 Thurini
381 834 464 884 Calais
475 833 543 883 filius
555 833 660 898 Ornyti:

230 917 280 966 Pro
291 934 339 982 quo
350 917 390 967 bis
401 916 485 981 patiar
495 916 566 976 mori,

264 999 290 1049 si
301 1007 404 1065 parcent
413 1016 490 1065 puero
501 1001 555 1049 fata
567 997 705 1064 superstiti.

232 1116 318 1173 Quid?
335 1117 357 1165 si
369 1116 452 1181 prisaa
463 1115 529 1165 radit
540 1116 634 1175 Vanus,

264 1200 432 1263 Diductaaqua
439 1196 501 1264 jugo
512 1197 579 1261 cogit
589 1200 684 1248 ainau?
926 1204 957 1243 18.
971 1201 995 1243 G.
1004 1202 1023 1242 1.
1032 1203 1065 1242 33.
1074 1203 1105 1242 11.

230 1282 256 1331 Si
268 1283 333 1332 flava
344 1281 468 1331 excutitur
480 1281 571 1340 Ohlo'e‘‚·

264 1362 417 1429 Rajaetaeque
429 1370 499 1429 putat
505 1361 585 1428 janua
595 1362 701 1428 Lydia?

231 1481 386 1545 Quamquam
398 1480 477 1529 sidera
488 1479 614 1545 pulchrior
925 1491 956 1521 21.
970 1479 994 1521 O.
1003 1481 1023 1521 3.
1033 1482 1064 1521 19.
1074 1482 1105 1519 26.

264 1564 313 1613 Ille
325 1570 369 1623 est,
381 1569 410 1612 tu
420 1563 499 1612 levior
510 1562 606 1622 uertice,
618 1567 645 1611 at
655 1560 767 1627 improba

231 1645 498 1711 IracundiorHadria:
925 1647 982 1687 Had.
992 1646 1016 1687 ο.
1026 1648 1044 1687 1.
1052 1647 1084 1687 33.
1095 1648 1124 1685 15.

265 1730 356 1779 Tarum
362 1729 446 1779 vivere
458 1745 546 1787 amam,
553 1733 635 1778 tarum
646 1728 732 1777 obeam
743 1726 832 1776 libens.

482 1933 517 1984 X.

231 2093 384 2143 Exraauuu
396 2090 493 2141 Tanain
506 2090 527 2139 si
539 2090 645 2150 biberes,
657 2090 729 2155 Lyre,

232 2176 302 2226 Saevo
313 2182 392 2240 nupta
402 2174 471 2234 viro3
488 2190 528 2223 ma
539 2180 623 2223 tamen
635 2189 736 2238 asparas

232 2258 375 2307 Porrectum
387 2263 445 2306 anta
456 2257 521 2306 fores
533 2256 628 2306 obicere
639 2256 727 2305 incolis

365 2340 481 2389 Ploraras
492 2339 666 2403 Aquilonibus.
770 2391 777 2399 f

232 2456 313 2505 Audis
325 2471 373 2519 quo
385 2454 492 2520 strapitu
498 2452 586 2519 janua,
598 2470 647 2518 quo
658 2470 745 2504 namus

232 2539 304 2588 Inter
315 2538 419 2603 pulchra
431 2545 513 2586 satum
524 2543 590 2586 tacta
601 2536 726 2601 remugiat

232 2621 330 2682 Ventis,
342 2628 368 2672 et
379 2620 473 2685 positas
485 2626 513 2668 ut
524 2619 615 2683 glaciat
626 2619 696 2669 nives

367 2704 434 2754 Puro
445 2702 546 2752 numine
557 2703 575 2751 J
575 2702 692 2766 uppiter?

437 2833 456 2872 3.
469 2830 567 2880 objicere.
