2475 3284
269 255 460 306 CARMINUM
477 256 542 307 ΗΒ.
560 256 608 306 ΠΙ.
625 256 687 309 xvii.

207 387 359 451 Languescit
368 388 437 448 mihi,
450 406 495 438 nec
505 388 609 454 pinguia
620 389 726 440 Gallicis

242 471 362 523 Crescunt
371 472 465 521 vellera
476 471 583 536 pascuis,

209 589 356 653 Importuna
367 594 450 637 tamen
461 588 596 653 Pauperies
608 591 694 649 abest;

208 671 269 731 Nec,
281 670 302 720 si
314 671 387 735 plura
397 671 480 731 velim,
492 677 522 720 tu
532 672 591 721 dare
603 672 716 735 deneges.

210 754 342 804 Contracta
353 755 442 804 melius
453 771 531 819 parva
542 753 658 819 cupidine

242 837 381 902 Vectigalia
392 837 524 903 porrigam,

209 955 291 1011 Quam
302 955 324 1004 si
335 955 477 1020 Mygdoniis
487 971 590 1020 regnum
601 955 714 1020 Alyattei

211 1038 312 1102 Campis
323 1038 470 1094 continuem.
503 1039 587 1088 Multa
598 1038 740 1103 petentibus

213 1119 311 1169 Desunt
321 1122 414 1170 multa:
434 1123 497 1171 bene
508 1128 548 1170 est
558 1122 597 1170 cui
609 1122 677 1171 Deus
689 1121 780 1171 obtulit

245 1203 330 1263 Parca,
340 1203 405 1268 quod
416 1204 478 1253 satis
490 1210 536 1264 est,
548 1221 631 1256 manu.

435 1401 521 1453 XVII.

213 1533 281 1591 ΖΕΗ,
292 1537 391 1582 vetusto
403 1531 494 1581 nobilis
506 1533 538 1581 ab
549 1532 636 1590 Lemo,

214 1614 319 1672 Quando
330 1620 356 1663 et
365 1615 460 1679 priores
471 1615 529 1665 hinc
540 1615 642 1664 Lamias
653 1614 738 1663 ferunt

247 1696 433 1755 Denominatoe,
445 1703 471 1745 et
482 1702 599 1761 nepotum

280 1779 329 1828 Per
339 1795 459 1829 memores
469 1795 547 1843 genus
559 1797 631 1829 omne
642 1781 734 1840 fastos;

214 1899 321 1946 Auctore
332 1897 364 1946 ab
376 1896 421 1946 illo
431 1896 501 1946 ducis
513 1896 642 1960 originem,

215 1979 264 2035 Qui
275 1978 431 2028 Formiarum
441 1978 533 2028 moenia
543 1979 635 2029 dicitur

247 2058 366 2126 Princeps
378 2068 403 2111 et
414 2062 543 2112 innantem
554 2063 656 2112 Maricae

281 2144 408 2194 Litoribus
420 2145 530 2194 tenuisse
541 2145 629 2204 Lirim,

215 2262 278 2311 Late
287 2268 424 2327 tyrannus:
442 2278 496 2311 cras
508 2261 575 2311 foliis
587 2278 675 2310 nemus

216 2343 306 2392 Multis
318 2349 343 2392 et
353 2343 411 2406 alga
421 2342 482 2392 litus
494 2342 578 2391 inutili

249 2424 365 2474 Demissa
374 2431 510 2490 tempestas
522 2426 554 2474 ab
565 2426 634 2475 Euro

282 2507 389 2566 Sternet,
401 2523 470 2571 aquae
482 2506 532 2556 nisi
543 2507 612 2557 fallit
622 2523 701 2571 augur

217 2623 320 2673 Annosa
331 2622 423 2673 cornix.
458 2623 525 2672 Dum
535 2623 609 2688 potis,
622 2622 720 2672 aridum

220 2706 343 2770 compone
354 2705 463 2770 lignum:
481 2722 535 2756 cras
547 2707 655 2756 Genium
666 2721 734 2754 mero

221 2848 268 2881 xm.
280 2841 313 2883 43.
328 2841 429 2882 ebonem.
530 2849 587 2881 xvn.
600 2841 632 2882 1³.
645 2840 714 2889 potes,
722 2837 748 2879 B.

904 859 943 889 vec.
957 849 979 889 S.
988 849 1008 889 0.
1017 850 1036 888 2.
1046 849 1090 888 100.

904 972 960 1021 MW·
970 972 993 1012 0.
1003 974 1022 1013 2.
1031 973 1062 1011 12.
1071 972 1102 1011 00.

903 1068 936 1107 42.
949 1056 974 1097 0.
983 1058 1003 1097 3.
1012 1059 1044 1097 24.
1053 1058 1085 1096 64.

904 1133 948 1172 ben.
962 1133 983 1172 S.
992 1134 1012 1171 2.
1020 1133 1040 1171 2.
1050 1133 1094 1170 120.

961 1184 985 1222 Ε.
995 1183 1014 1222 1.
1024 1182 1043 1221 1.
1052 1183 1084 1220 89.

904 1237 943 1273 eal.
957 1233 980 1273 C.
990 1234 1009 1272 3.
1019 1234 1038 1272 1.
1048 1233 1079 1271 25.

909 2156 953 2194 nir.
967 2154 991 2194 C.
1002 2155 1020 2193 1.
1030 2153 1062 2193 31.
1070 2154 1090 2192 7.

911 2453 942 2482 11.
956 2442 995 2490 Ep.
1004 2441 1036 2480 10.
1046 2441 1065 2479 ὅ.

1005 2492 1037 2531 16.
1047 2491 1079 2529 es.

909 2651 960 2681 aaa.
973 2639 997 2680 G.
1006 2639 1068 2680 4.13.
1077 2638 1109 2677 25.

912 2734 944 2772 14.
956 2722 980 2762 0.
990 2723 1009 2762 l.
1018 2722 1037 2762 9.
1047 2723 1066 2761 5.

912 2776 962 2815 Gen.
975 2774 1000 2812 Ε.
1009 2774 1029 2812 2.
1038 2771 1109 2811 2187.

973 2823 1001 2863 Α.
1010 2823 1035 2864 Ρ.
1043 2823 1089 2863 210.
