2475 3284
567 264 570 270 ·
603 257 631 319 o.
654 257 792 309 Horam
808 258 935 309 uereor

368 391 481 439 Annonae
492 388 587 455 prosit3
603 398 687 457 portet
697 392 822 441 frumenta
833 408 967 456 penusque.
1026 401 1029 404 '

368 473 415 523 Vir
425 475 505 523 bonus
517 480 543 523 et
553 473 653 538 sapiens
664 474 766 524 audebit
776 474 870 524 dicere:
887 474 1008 533 Pentheu,

141 562 249 614 pepon.
256 564 343 606 malt.
368 556 459 606 Reotor
469 556 617 615 Thebarum,
629 556 690 621 quid
700 574 740 606 me
751 558 860 622 perferre
871 556 973 622 patique

366 639 502 704 Indignum
512 642 604 704 noges?
632 639 749 689 Adimam
759 641 832 690 bona.
860 640 956 704 Nempe
966 654 1048 704 pecus,
1056 654 1118 696 rem,
1138 640 1170 692 75

367 722 463 782 Leetos,
475 730 619 787 argeutum:
638 724 714 772 tollas
725 721 791 773 lieet.
824 723 856 772 In
867 721 972 772 manicis
983 728 1009 771 et

368 807 533 872 Compedibus
544 825 610 858 saevo
620 816 645 858 te
657 810 704 858 sub
715 808 815 857 custode
826 809 923 857 tenebo.

367 891 426 955 Ipse
437 890 505 952 deus,
513 891 588 941 simul
598 898 672 956 atque
682 891 772 951 volam,
784 907 823 941 me
835 891 923 940 solvet.
956 887 1061 954 Opinor,

367 974 423 1024 Hoe
434 974 524 1025 sentit:
542 974 652 1035 Moriar;
669 990 736 1023 mors
747 974 837 1023 ultima
847 972 915 1023 linea
925 988 1008 1022 rerum
1019 981 1066 1021 est.

723 1172 809 1223 XVH.

367 1303 493 1364 Quamne,
505 1304 596 1363 Seuera,
609 1303 672 1354 eatis
684 1320 729 1369 per
739 1309 764 1353 te
775 1303 822 1353 tibi
833 1302 942 1353 eonsulis
954 1310 980 1352 et
990 1302 1048 1361 seis,

143 1389 193 1437 maj.
207 1387 229 1428 S·
238 1389 258 1429 2.
267 1389 286 1430 1.
296 1389 329 1431 61.
367 1387 422 1441 Quo
432 1386 534 1435 taudem
545 1393 616 1451 paeto
628 1386 713 1436 deceat
723 1384 859 1451 majoribus
870 1385 916 1444 uti,

366 1468 449 1528 Disoe,
461 1468 584 1518 doeendus
595 1468 675 1518 adhuc
686 1485 740 1533 quae
751 1475 836 1518 censet
846 1468 974 1527 amiculus,
985 1474 1016 1518 ut
1026 1467 1048 1517 si

368 1552 451 1602 Caeous
462 1551 511 1601 iter
521 1558 659 1601 monstrare
669 1552 747 1613 velit3
764 1558 848 1601 tamen
859 1550 966 1616 adspice,
978 1551 1000 1601 si
1012 1551 1073 1616 quid

359 1633 402 1710 m
412 1651 465 1694 nos,
476 1633 541 1699 quod
552 1651 622 1684 eures
633 1633 761 1699 proprium
772 1634 866 1696 fecisse,
878 1636 1015 1698 loquamur.
1154 1640 1169 1686 5

366 1716 394 1766 Si
405 1724 430 1766 te
441 1724 513 1781 grata
523 1717 593 1781 quies
605 1724 631 1767 et
640 1718 747 1782 primam
758 1734 859 1767 somnus
870 1717 897 1766 in
908 1717 995 1767 horam
1054 1726 1059 1736 '

365 1799 487 1860 Delectat,
499 1799 522 1849 si
533 1808 558 1849 te
568 1801 652 1865 pulvis
664 1801 830 1866 strepitusque
840 1807 959 1862 rotarum,

367 1882 394 1932 si
404 1883 475 1933 laedit
485 1899 604 1948 caupona,
616 1884 777 1934 Ferentinum
788 1884 825 1933 ire
831 1882 925 1950 jubebo
934 1902 941 1945 ;
967 1886 969 1892 ’

367 1967 432 2015 Nam
444 1983 522 2031 neque
533 1967 654 2016 divitibus
665 1966 812 2031 contingunt
822 1966 914 2030 gaudia
925 1966 993 2026 solis,

144 2068 175 2098 10.
188 2056 336 2098 Ε.1.18.103.
366 2049 419 2098 Nee
430 2049 495 2098 vixit
506 2050 577 2109 male,
590 2050 633 2114 qui
645 2056 720 2099 natus
731 2049 887 2114 moriensque
899 2048 998 2100 fefellit.
1012 2117 1014 2120 Ι
1138 2054 1169 2099 10

367 2132 394 2180 Si
405 2130 521 2196 prodesse
532 2132 583 2180 tuis
593 2125 716 2197 pauloque
726 2133 858 2197 benignius
869 2132 952 2198 ipsum

366 2214 402 2263 Te
412 2219 519 2263 tractare
530 2214 606 2274 voles,
618 2214 719 2264 aceedes
731 2215 809 2265 siecus
821 2216 853 2265 ad
864 2221 974 2265 unctum.

366 2295 393 2344 Si
404 2294 537 2360 pranderet
547 2296 602 2344 olus
613 2296 745 2364 patienter,
757 2297 856 2361 regibus
867 2297 905 2346 uti

366 2378 452 2426 Nollet
461 2377 613 2442 Aristippus.
648 2378 675 2427 Si
686 2378 761 2429 sciret
771 2380 870 2444 regibus
881 2378 919 2428 uti

365 2458 502 2508 Fastidiret
513 2460 576 2519 olus,
587 2459 630 2524 qui
641 2477 680 2510 me
692 2467 770 2512 notat.
805 2461 894 2511 Utrius
905 2460 995 2509 horum
1135 2463 1167 2510 15

365 2541 449 2590 Verba
459 2543 548 2607 probes
560 2549 586 2592 et
596 2544 671 2603 faeta,
682 2543 749 2604 doce,
760 2545 801 2593 vel
809 2542 895 2608 junior
906 2542 973 2603 audi,

366 2625 417 2674 Cur
428 2625 462 2674 sit
472 2625 596 2691 Aristippi
607 2626 690 2691 potior
700 2626 838 2686 sententia;
857 2643 963 2690 namque

365 2708 508 2758 Mordaeem
520 2710 639 2774 Cynicum
651 2710 687 2759 sie
698 2709 819 2770 eludebat,
831 2717 861 2760 ut
870 2710 956 2760 aiunt:

448 2845 497 2877 xm.
510 2839 542 2878 79.
556 2838 683 2887 trerumst3
696 2840 778 2879 estem.
787 2841 818 2879 al.
893 2846 950 2879 xvn.
963 2839 997 2880 la.
1010 2838 1080 2879 holus.
