2475 3284
415 185 568 278 EPODONv
577 228 605 280 V.

210 361 296 424 Longo
307 359 347 409 die
358 358 398 409 bis
409 365 494 425 terque
506 367 607 411 mutatae
618 358 691 425 dapis

243 442 352 493 Inemori
365 444 517 508 speetaeu103

130 532 139 541 '
210 527 274 577 Cum
284 525 437 591 promineret
447 543 496 586 ore,
508 533 630 591 quantum
642 532 742 576 exstant
753 538 818 590 aqua

245 610 369 674 Suspensa
380 616 464 658 mento
475 625 591 673 ool-pora:

187 698 189 701 '
210 694 320 742 Exsueta
331 692 369 741 uti
381 691 490 741 medulla
501 698 527 742 et
537 692 635 742 aridum
643 691 714 758 jecur

246 774 346 824 Amoris
358 780 424 823 esset
434 775 557 838 poculum,
606 827 609 832 ,

210 856 375 906 Interminato
386 873 441 906 oum
453 857 529 906 semel
540 857 597 906 fixae
607 856 664 906 oibo

244 939 418 989 Intabuissent
428 940 535 1004 pupula.

209 1022 267 1072 Non
279 1020 388 1071 defuisse
399 1022 515 1071 masculae
525 1021 639 1071 libidinis

243 1104 427 1155 Ariminensem
439 1105 543 1166 Foliam,

210 1187 244 1237 Et
255 1188 335 1237 otiosa
346 1186 451 1238 eredidit
462 1187 588 1254 Neapolis,

244 1270 279 1319 Et
290 1286 361 1319 omne
369 1269 479 1320 vicinum
490 1269 623 1335 oppidum
1226 1328 1228 1333 Ι

210 1354 272 1409 Quae
284 1352 366 1403 sidera
377 1359 509 1403 excantata
519 1370 577 1403 vooe
589 1353 711 1402 Thessala
938 1358 983 1397 lue.
997 1356 1021 1397 c.
1031 1357 1050 1395 1.
1060 1356 1091 1394 27.
1101 1357 1133 1395 21.

243 1435 387 1500 Lunamque
398 1435 457 1485 oaelo
468 1434 566 1500 deripit.
935 1441 967 1493 46.
977 1442 1016 1490 Ep.
1022 1442 1055 1481 17.
1062 1441 1133 1479 ocris.

211 1518 261 1568 Hie
271 1518 415 1568 irreseotum
427 1534 493 1567 saeva
504 1518 577 1567 dente
589 1517 667 1569 livido

194 1600 196 1605 '
245 1600 351 1650 Canidia
362 1600 451 1650 rodens
463 1599 579 1665 pollicem

209 1682 278 1740 Quid
288 1683 353 1733 dixit
364 1690 408 1733 aut
419 1683 479 1748 quid
489 1683 586 1733 tacuit?
604 1685 640 1733 ‘0
652 1685 727 1734 rebus
738 1684 802 1734 meis

243 1767 300 1816 Non
311 1766 423 1816 infideles
435 1766 544 1827 arbitres,

208 1849 265 1898 Nox
277 1855 302 1898 et
312 1848 403 1910 Diana,
416 1865 470 1913 quae
482 1847 610 1898 silentium
623 1848 696 1914 regis,

242 1936 341 1982 Arcana
352 1949 407 1982 eum
420 1934 484 1981 flunt
495 1949 573 1991 sacra,

211 2016 290 2074 Nunc,
303 2032 368 2064 nuno
379 2015 477 2065 adeste:
497 2032 561 2064 nuno
572 2013 599 2064 in
610 2015 712 2065 hostilis
724 2015 810 2065 domos

243 2099 311 2148 Iram
322 2105 396 2163 atque
408 2115 498 2148 numen
510 2097 608 2148 vertite.

110 2183 132 2225 ἰ
209 2180 387 2230 Formidolosis
398 2180 458 2230 dum
469 2181 550 2229 latent
561 2179 633 2230 silvis
645 2181 711 2239 feras,

242 2263 317 2313 Duloi
329 2280 416 2328 sopore
427 2263 560 2327 languida,

209 2346 304 2406 Senem,
316 2346 382 2410 quod
392 2362 477 2395 omnes
488 2345 594 2405 rideant,
607 2345 748 2395 adulterum

242 2428 346 2478 Latrent
357 2429 493 2478 Suburanae
504 2444 585 2488 canes,

209 2510 294 2560 Nardo
304 2518 459 2576 perunctum,
471 2511 544 2574 quale
556 2527 605 2560 non
616 2511 752 2575 perfectius

106 2598 139 2643 60
242 2594 306 2644 Meae
317 2593 457 2643 laborarint
467 2609 598 2643 manus.-

138 2752 172 2790 37.
186 2759 284 2798 exsueoa,
293 2752 377 2799 exuste,
385 2760 448 2790 exesa
455 2761 474 2789 o.
484 2751 564 2797 exerta,
573 2752 668 2798 exsecta,
677 2750 713 2790 111.
722 2751 749 2790 A.
759 2750 885 2799 (extracta).

149 2814 183 2854 53.
197 2813 293 2854 hostiles.
344 2815 376 2855 56.
390 2813 602 2854 rormldolosaeoum.
653 2813 687 2853 60.
698 2813 832 2855 laborarunt.
842 2814 868 2856 B.
