2475 3284
331 263 401 314 ΑΕΒ
419 264 575 314 POETICA.

112 397 257 461 Interpres,
269 412 315 446 nee
325 396 426 446 desilies
436 396 549 447 imitator
560 396 586 446 in
597 404 688 457 artum,

36 484 91 531 135
113 480 196 530 Unde
207 479 295 545 pedem
305 481 415 544 proferre
426 480 506 545 pudor
515 486 584 531 vetet
594 487 639 529 aut
649 479 730 545 operis
742 481 819 580 len)

113 564 174 613 Nee
185 563 222 614 sie
232 562 343 628 incipies,
355 569 384 612 ut
395 562 501 628 scriptor
511 562 616 629 cyclicus
629 563 702 612 olim:

115 646 274 696 ‘Fortunam
283 637 379 695 Priami
390 648 497 696 cantabo
508 653 533 695 et
544 643 627 695 nobile
639 644 747 695 bellum!
795 650 799 655 '

115 729 189 786 Quid
199 728 303 796 dignum
313 735 385 780 tanto
396 730 460 785 feret
470 729 511 779 hie
521 729 658 794 promissor
669 729 759 781 hiatu?
877 749 926 789 pro.
938 738 999 779 alo.

116 811 271 861 Parturiunt
281 819 386 873 montes,
398 819 514 862 nascetur
525 812 645 861 ridiculus
656 795 720 862 mus.

43 897 97 945 140
118 894 224 950 Quanto
234 894 326 963 rectius
337 894 386 962 hie,
398 895 441 959 qui
450 889 490 944 ‘nil
500 895 603 965 molitur
613 895 711 960 inepte:

120 973 187 1027 ‘Did
198 976 269 1037 mihi,
280 978 363 1037 Musa,
375 977 465 1037 virum,
478 984 556 1043 oaptte
567 984 626 1042 post
636 984 748 1043 tempora
759 975 839 1043 Trojae
881 1005 925 1045 14¹·
938 994 964 1034 Ε,
975 995 993 1033 1.
1003 994 1022 1033 1,
1032 994 1065 1034 11,

120 1065 126 1087 ‘
137 1059 188 1115 Qui
199 1076 280 1109 mores
290 1059 420 1109 hominum
430 1061 565 1110 multorum
575 1060 641 1110 vidit
652 1067 678 1111 et
687 1060 778 1112 urbes?

114 1142 287 1212 ,Nonfsumum
298 1159 329 1192 ex
340 1143 443 1207 fulgore,
457 1142 542 1192 sodex
553 1143 622 1192 fumo
633 1142 693 1192 dure
703 1144 783 1206 lueem

120 1226 230 1291 Cogitat,
241 1233 270 1276 ut
281 1226 392 1292 speciosa
402 1227 491 1277 dehine
501 1227 622 1277 miracula
633 1231 740 1292 promat,
880 1248 922 1288 epe.
936 1238 961 1278 Ε.
971 1239 989 1277 1.
999 1239 1019 1278 1.
1028 1239 1073 1278 116.

51 1313 102 1361 145
120 1309 278 1375 Antiphaten
290 1310 446 1378 Scyllamque
457 1317 482 1360 et
493 1327 549 1360 eum
561 1311 668 1375 Cyclope
680 1308 838 1374 Charybdim

120 1393 175 1443 Neo
185 1392 293 1442 reditum
304 1392 432 1442 Diomedis
444 1393 476 1442 ab
488 1392 592 1442 interitu
603 1392 733 1457 Meleagri,

121 1476 175 1525 Nee
185 1475 284 1539 gemino
294 1476 388 1525 bellum
400 1473 536 1540 Trojanum
547 1474 644 1525 orditur
655 1477 687 1525 ab
698 1491 752 1525 ovo.

123 1559 225 1622 Semper
235 1558 268 1608 ad
279 1564 396 1608 eventum
407 1557 512 1607 festinat
522 1564 548 1607 11
558 1557 585 1607 in
597 1557 692 1624 medias
704 1574 744 1606 res

124 1642 181 1691 Non
193 1657 263 1691 seous
273 1657 303 1690 ae
314 1648 387 1690 notas
398 1640 537 1690 auditorem
547 1640 615 1705 rapit
626 1647 659 1700 et,
670 1657 726 1704 quae

57 1729 107 1776 150
124 1725 248 1789 Desperat
257 1730 365 1773 tractata
376 1723 496 1776 nitescere
508 1739 588 1788 posse,
600 1723 728 1787 relinquit,

125 1811 206 1874 Atque
217 1809 254 1859 ita
264 1803 391 1868 mentitur,
404 1809 439 1858 sio
449 1809 516 1859 veris
527 1809 593 1858 falsa
603 1808 725 1866 remiseet‚
772 1840 778 1853 .

126 1892 209 1941 Primo
221 1909 252 1941 ne
263 1891 379 1952 medium,
391 1891 474 1940 medio
485 1898 516 1940 ire
527 1890 651 1955 discrepet
662 1890 747 1939 imum.

127 1975 171 2035 Tu,
183 1974 243 2039 quid
253 1990 298 2038 ego
310 1980 338 2025 et.
345 1975 452 2039 populus
463 1991 559 2023 meeum
569 1965 701 2033 desideret,
713 1973 785 2028 audi:

128 2058 154 2107 Si
164 2057 286 2123 plausoris
298 2073 355 2128 eges
366 2058 446 2106 aulaea
457 2056 581 2106 manentis
593 2063 618 2105 et
629 2073 707 2120 usque
882 2067 926 2106 aaz.
940 2065 964 2106 11,
974 2067 993 2105 a.
1003 2067 1022 2104 1.
1032 2066 1076 2105 189.

65 2144 113 2193 155
130 2125 320 2200 8111111,’111111
331 2146 417 2189 cantor
427 2140 479 2189 Vos
490 2125 601 2204 plaudite
613 2139 688 2199 dicat,
881 2165 918 2195 m,
932 2154 1068 2194 111111,

130 2224 220 2275 AEtatis
231 2223 348 2296 cujusque
360 2221 463 2271 notandi
475 2228 534 2271 sunt
545 2221 592 2288 tibi
603 2238 692 2281 mores,
717 2244 720 2249 ’
772 2241 776 2249 ·

130 2306 311 2369 Mobilibusque
322 2305 395 2354 decor
405 2304 503 2353 naturis
515 2304 613 2354 dandus
625 2311 651 2354 et
661 2306 742 2355 annis.

132 2388 239 2439 Reddere
249 2388 292 2452 qui
302 2404 374 2438 voees
382 2386 436 2452 jam
448 2383 495 2437 sdt
505 2405 567 2452 puer
578 2395 604 2438 11
614 2388 676 2453 pede
686 2395 753 2438 certo

134 2472 216 2537 Signat
225 2472 336 2532 humum,
348 2471 425 2535 gestit
435 2471 538 2535 paribus
550 2471 673 2521 colludere
685 2478 710 2520 et
720 2472 783 2524 iram

71 2560 117 2607 160
135 2556 231 2619 Colligit
241 2570 270 2605 11
280 2554 352 2620 ponit
361 2560 453 2604 temere
464 2560 490 2603 et
500 2560 612 2604 mutatur
623 2554 649 2603 in
660 2554 742 2602 horae.

135 2638 258 2688 Imberbus
266 2636 367 2703 juvenis
378 2636 480 2687 tandem
490 2635 590 2686 custode
601 2643 695 2686 remoto

806 451 814 496 dl

784 519 790 531 0

123 2798 162 2839 136.
174 2796 262 2847 cycnus.
364 2796 408 2835 139.
421 2794 551 2842 1111111111.
567 2794 570 2800 ’
653 2793 797 2835 1411111111,

356 2859 401 2898 157.
414 2857 536 2906 Nobilibus,
544 2858 571 2899 B.
