2475 3284
588 226 616 287 Q.
633 225 769 276 Hom
788 225 915 275 FLAOCI

341 358 454 408 Primum
465 374 510 423 ego
520 375 561 408 ms
572 358 680 418 illorum,
692 358 802 409 dederim
813 359 904 424 quibus
915 375 970 408 esse
981 359 1069 424 postis,

340 440 478 506 Excerpsm
489 458 604 492 numero:
624 458 702 507 neque
713 442 781 491 enim
791 442 937 492 concludere
947 458 1048 491 versum
1067 460 1070 465 ·
1110 446 1145 490 40

340 523 441 574 Dixeris
452 541 505 575 esse
516 524 595 585 satis3
613 541 692 589 neque
703 524 725 573 si
736 523 792 589 quis
804 524 898 574 scribat
907 524 946 573 uti
958 541 1004 574 nos

340 607 452 658 Sermoni
463 608 587 673 propiora,
598 614 672 672 putes
683 607 750 657 hunc
760 624 814 657 esse
825 613 932 673 postam.

271 723 277 735 .
339 690 472 755 Ingenium
482 690 521 741 cui
534 690 575 750 sit,
587 690 628 740 cui
638 707 709 740 mens
720 689 830 740 divinior
841 697 915 755 atque
926 707 955 740 os

277 773 283 785 ’
339 772 435 836 Magna
446 779 598 833 senatulum,
610 773 655 823 des
666 773 775 823 nominis
786 771 860 839 hujus
871 773 997 823 honorem.

112 1699 151 1733 sto.
165 1694 259 1735 c.1.1s.
270 1696 309 1745 ls;

162 1795 186 1835 s.
197 1796 216 1835 1.
224 1745 301 1837 iiiii.

338 854 434 905 Idcirco
445 855 546 919 quidem
557 855 677 905 comoedia
688 873 765 906 necne
775 860 864 921 po‘c'ma
1110 857 1143 904 45

339 937 414 987 Esset
424 938 571 1002 quaesivere:
589 938 655 1003 quod
665 955 722 988 acer
733 939 837 1004 spiritus
847 956 877 988 ac
886 939 926 988 vis

338 1020 391 1070 Nec
400 1020 484 1070 verbis
496 1038 542 1071 nec
551 1022 627 1071 rebus
638 1020 712 1081 inest,
725 1021 774 1070 nisi
786 1022 851 1086 quod
861 1022 924 1086 pede
934 1030 1002 1071 certo

339 1103 432 1153 Differt
443 1104 559 1164 sermoni,
571 1121 652 1155 sermo
663 1121 754 1154 merus.
787 1106 824 1154 At
834 1113 906 1169 pater
917 1105 1007 1155 ardens

338 1186 422 1247 Ssevit‚
434 1187 500 1251 quod
510 1187 639 1237 meretrice
651 1204 727 1252 nepos
740 1187 844 1236 insanus
855 1188 936 1237 amica

338 1267 418 1318 Filius
429 1285 531 1319 uxorem
542 1270 632 1334 grandi
642 1286 698 1319 cum
709 1269 766 1319 dote
778 1277 882 1327 recuset.
1109 1276 1142 1320 50

338 1350 431 1400 Ebrius
442 1357 475 1412 et,
487 1368 604 1416 magnum
616 1352 683 1417 quod
692 1351 805 1411 dedecus,
818 1353 930 1401 ambulet
940 1360 999 1401 ente

339 1434 444 1484 Noctem
454 1451 510 1483 cum
521 1435 625 1484 facibus.
658 1434 787 1500 Numquid
797 1435 949 1499 Pomponius
960 1434 1017 1483 istis

340 1517 447 1568 Audiret
456 1517 557 1578 leviora,
568 1524 641 1583 peter
652 1517 674 1566 si
684 1517 800 1568 viveret?
832 1518 900 1581 Ergo
958 1507 961 1513 ¹

340 1601 397 1649 Non
409 1599 471 1650 satis
482 1606 521 1649 est
531 1600 600 1665 puris
610 1617 710 1650 versum
721 1599 872 1665 perscribere
882 1599 973 1658 verbis,

340 1683 419 1738 Quem
431 1683 453 1732 si
464 1682 594 1742 dissolvas,
607 1682 688 1747 quivis
700 1683 868 1732 stomachetur
879 1683 964 1732 eodem
1109 1687 1140 1732 ὁὸ

339 1765 395 1821 Quo
405 1771 552 1830 personatus
562 1771 636 1829 pacto
646 1772 725 1829 pater.
759 1764 816 1825 His,
829 1781 874 1829 ego
885 1781 940 1830 quae
951 1782 1024 1823 nunc,

339 1847 407 1897 Olim
417 1864 472 1911 quse
483 1847 584 1912 scripsit
594 1847 714 1906 Lucilius,
727 1847 819 1912 eripias
831 1848 853 1896 si

339 1931 461 1995 Tempora
471 1936 539 1980 certa
549 1930 683 1995 modosque
694 1937 720 1979 et
730 1930 796 1995 quod
806 1930 877 1995 prius
888 1931 975 1981 ordine
986 1932 1090 1981 verbum
1102 1940 1139 1980 est

337 2013 465 2064 Posterius
477 2012 555 2063 facies
566 2029 713 2078 praeponens
724 2013 815 2063 ultima
826 2015 923 2078 primis,

337 2097 402 2157 Non,
413 2103 443 2146 ut
453 2096 475 2146 si
487 2097 570 2146 solvas
584 2097 733 2159 ‘Postquam
745 2096 875 2146 Discordia
886 2104 953 2147 tetre
1107 2102 1139 2146 60

337 2179 403 2229 Belli
414 2180 520 2228 senatos
531 2185 615 2243 postes
627 2185 760 2243 portasque
771 2179 888 2243 refregit,’

337 2261 455 2311 Invenias
467 2261 542 2311 etiam
553 2259 652 2326 disjecti
663 2263 776 2311 membre
786 2266 873 2327 podtae.

337 2344 465 2394 Hactenus
477 2344 542 2393 haec:
560 2344 625 2393 alias
633 2343 731 2409 justum
743 2344 778 2394 sit
789 2362 865 2394 neone
876 2349 972 2410 podma,

337 2427 410 2476 Nunc
421 2425 485 2476 iilud
495 2433 595 2476 tantum
605 2443 723 2492 quaersm,
732 2428 853 2478 meritone
865 2428 912 2478 tibi
924 2428 959 2477 sit

337 2511 484 2575 Suspectum
494 2526 572 2574 genus
584 2511 631 2559 hoc
643 2510 774 2560 scribendi.
809 2511 906 2560 Sulcius
918 2527 975 2561 acer
1109 2514 1141 2560 65

336 2593 459 2642 Ambulat
470 2599 496 2642 et
507 2591 621 2656 Caprius,
633 2592 701 2642 rauci
713 2594 779 2643 male
790 2610 893 2658 cumque
903 2594 1004 2654 libollis,

337 2675 446 2738 Magnus
457 2681 561 2739 uterque
572 2673 649 2724 timor
659 2675 800 2725 latronibus
810 2695 816 2735 3
834 2682 862 2726 at
872 2677 936 2726 bene
947 2676 967 2725 si
980 2676 1036 2741 quis

489 2805 522 2845 39.
534 2805 618 2853 postus.
801 2807 833 2846 58.
847 2807 859 2846 ἲ
871 2808 989 2848 verbumst.
