2475 3284
139 1111 319 1164 mfflzffiw

213 1163 302 1202 3rm

140 1213 306 1254 lhsthhffi

140 1281 320 1341 mutam

606 217 634 278 Q.
651 218 682 266 H
682 215 790 266 ORATI
806 214 931 265 FLACOI

493 355 589 402 Aurum
599 367 644 416 per
655 348 749 418 medios
760 348 797 398 ire
809 347 939 405 satellites,

493 435 528 485 Et
538 448 696 498 perrumpere
707 437 776 481 amat
787 447 847 480 saxa
858 427 985 494 potentius

494 518 550 567 Ictu
561 515 695 564 fulmineo:
713 512 819 562 concidit
830 511 931 576 auguris

526 597 615 663 Argivi
626 597 713 646 domus
726 597 757 645 ob
769 597 864 644 luorum

495 724 614 773 Demersa
626 721 716 781 exiti03
733 720 825 770 diffidit
835 719 936 769 urbium

493 807 582 855 Portas
593 805 634 854 vir
644 803 755 864 Macedo,
767 810 793 853 et
803 802 902 852 subruit
912 801 1013 851 aemulos

494 889 574 952 Reges
586 887 744 946 munoribus;
763 903 866 936 munera
877 884 980 936 navium

527 973 610 1021 Saevos
622 971 761 1036 illaqueant
771 969 853 1020 duces.

497 1097 652 1146 Crescentem
664 1094 775 1159 sequitur
785 1110 844 1143 cura
854 1091 991 1158 pecuniam,

495 1176 667 1242 Majorumque
677 1179 764 1226 fames.
798 1177 816 1227 J
816 1192 859 1225 ure
870 1173 999 1239 perhorrui

495 1261 558 1310 Late
569 1260 729 1325 conspicuum
739 1261 827 1308 tollere
837 1258 963 1317 verticem,

529 1345 661 1402 Maecenas,
673 1344 784 1408 equitum
794 1342 876 1391 decus.

498 1471 597 1525 Quanto
608 1468 712 1533 quisque
724 1468 773 1517 sibi
784 1469 858 1532 plura
870 1464 1005 1530 negaverit,

497 1552 538 1600 Ab
549 1551 589 1600 dis
599 1552 673 1615 plura
684 1552 754 1600 feret.
788 1551 833 1599 Nil
844 1549 996 1614 cupientium

499 1633 588 1683 Nudus
599 1640 682 1683 eastra
693 1639 758 1698 peto,
772 1639 797 1682 et
807 1634 939 1697 transfuga
949 1631 1056 1681 divitum

531 1715 620 1792 i'artes
632 1715 743 1779 linquere
754 1715 848 1779 gestio;

501 1841 654 1904 Oontsmptae
665 1839 780 1889 donnaus
792 1838 945 1904 splendidior
959 1837 1003 1895 rei,

501 1924 582 1978 Quam
594 1922 624 1982 si,
636 1920 757 1987 quidquid
767 1929 824 1972 arat
834 1922 941 1987 impiger
951 1921 1058 1986 Apulus,

502 2006 631 2055 Occultare
643 2006 705 2054 meis
716 2005 809 2054 dicerer
820 2005 921 2065 horreis,

533 2089 641 2152 Magnas
652 2089 718 2138 inter
728 2105 787 2153 opes
798 2087 878 2152 inops.
942 2129 945 2133 ,

502 2213 574 2262 Purae
584 2212 654 2262 rivus
666 2229 742 2277 aquae,
755 2212 866 2277 silvaque
873 2211 989 2277 jugerum

503 2297 648 2356 Pauoorum‚
661 2304 687 2345 et
697 2297 788 2361 segetis
799 2301 867 2345 certa
877 2295 939 2345 fides
950 2310 1018 2354 meae,
1141 2297 1179 2343 30

504 2378 651 2442 Fulgentem
664 2379 768 2444 imperio
779 2378 870 2428 fertilis
882 2377 974 2427 suisa

537 2460 616 2510 Fallit
628 2468 694 2511 sorte
705 2461 809 2511 beatior.

506 2578 661 2643 Quamquam
673 2595 717 2628 neo
729 2579 840 2629 Calabrae
851 2579 927 2628 mslla
938 2578 1022 2626 ferimt
1032 2592 1100 2641 apes,

507 2661 559 2711 Nes
569 2660 741 2726 Laestrygonia
752 2661 862 2709 Baeehus
873 2660 901 2709 in
912 2660 1031 2725 amphora

703 2793 736 2833 13.
748 2793 839 2835 exelffio.
