2475 3284
618 193 646 254 Q.
663 193 801 244 HORATI
817 193 945 244 FLAOOI

373 324 479 376 Canidia
490 324 579 375 Albuti
590 326 681 391 quibus
692 332 731 376 est
741 325 843 376 inimica
853 343 983 386 venenum,

372 410 473 459 Grande
484 410 579 459 malum
590 410 689 470 Turius,
702 410 724 459 si
735 410 796 475 quid
806 427 833 460 se
840 409 924 475 judice
935 417 1022 461 certes.

373 492 417 550 Ut,
429 508 477 556 quo
488 491 591 556 quisque
601 492 677 551 valet,
689 497 816 556 suspectos
827 498 927 552 terreat,
939 498 1015 557 utque
1140 495 1171 542 50

372 573 482 638 Imperet
492 574 538 623 hoc
549 580 640 623 natura
650 580 746 639 potens,
756 574 792 624 sic
803 574 891 639 collige
902 591 1013 625 mecum:

372 655 454 706 Dente
464 657 546 721 lupus,
558 673 635 706 cornu
645 664 732 706 taurus
743 657 820 723 petit:
838 657 904 708 unde
916 657 965 707 nisi
977 658 1046 707 intus

372 738 560 789 Monstratum?
593 740 683 790 &aevae
694 740 806 790 vivacem
817 740 888 790 crede
899 740 984 806 nepoti

372 820 495 871 Matrem:
514 822 552 871 nil
563 822 639 872 faciet
650 822 750 872 sceleris
761 823 804 888 pia
815 822 932 884 dextera3
950 822 1049 882 mirum,

372 905 409 953 Ut
420 921 498 969 neque
509 906 574 954 calce
585 906 660 970 lupus
672 921 819 970 quemquam
830 922 908 969 neque
919 904 993 955 dente
1003 904 1069 970 petit
1079 905 1139 955 bos:

371 985 420 1035 Sed
431 988 497 1035 mala
508 987 581 1036 tollet
592 1003 669 1036 anum
679 985 770 1036 vitiato
781 988 855 1036 melle
866 986 954 1036 cicuta.
1139 988 1170 1036 56

371 1069 410 1118 Ne
420 1070 522 1134 longum
533 1069 638 1119 faciam:
656 1086 700 1120 seu
710 1086 750 1118 me
761 1069 898 1134 tranquilla
909 1074 1022 1118 senectus

146 1159 185 1197 cli.
199 1157 252 1198 (1.1.
262 1158 293 1197 17.
303 1158 336 1199 21.
370 1151 506 1217 Exspectat
517 1169 560 1202 seu
571 1153 643 1202 Mors
654 1152 716 1202 atris
728 1153 890 1203 circumvolat
899 1151 955 1211 alis,

370 1234 456 1295 Dives,
468 1235 547 1300 inops,
559 1234 653 1295 Roma,
666 1252 710 1285 sen
720 1237 772 1285 fors
783 1235 820 1285 ita
826 1233 939 1301 jusserit,
951 1235 1029 1294 exsul,

146 1330 184 1368 col.
198 1327 222 1368 11.
232 1330 251 1368 1,
261 1329 293 1367 11.
302 1329 335 1369 13.
370 1316 489 1382 Quisquis
500 1318 549 1367 erit
559 1317 627 1377 vitae,
638 1318 754 1378 scribam,
765 1319 839 1368 color.
874 1318 894 1367 0
906 1334 976 1383 puer,
987 1323 1016 1367 ut
1027 1316 1064 1367 sis
1139 1322 1170 1368 60

145 1412 196 1458 maj.
210 1411 235 1451 Ε.
245 1413 264 1452 1.
275 1413 305 1452 11.
315 1413 335 1452 2.
369 1399 463 1449 Vitalis
474 1407 564 1461 metuo,
576 1408 602 1450 et
612 1399 735 1465 majorum
746 1418 777 1451 ne
788 1400 844 1466 quis
856 1399 950 1450 amicus

369 1482 472 1546 Frigore
483 1489 508 1532 te
520 1483 601 1534 feriat.
636 1483 722 1540 Quid?
739 1500 796 1533 cum
807 1490 845 1533 est
855 1483 967 1533 Lucilius
978 1499 1053 1532 ausus

369 1564 470 1615 Primus
481 1564 508 1614 in
518 1565 584 1616 hunc
595 1566 678 1631 operis
689 1583 835 1633 componere
845 1566 957 1616 carmina
968 1582 1069 1625 morem,

146 1655 178 1704 ⁶4
192 1655 217 1695 11.
227 1656 246 1695 1.
257 1655 288 1695 16.
297 1656 330 1695 45.
370 1647 507 1697 Detrahere
518 1653 543 1697 et
554 1648 652 1713 pellem,
665 1648 760 1698 nitidus
771 1665 820 1713 qua
830 1648 933 1713 quisque
943 1665 989 1714 per
999 1665 1044 1698 ora

371 1729 475 1779 (lederet
486 1730 622 1780 introrsum
633 1730 731 1796 turpis;
749 1748 809 1780 num
819 1731 1021 1795 Laelius'antqui
1138 1734 1169 1781 65

144 1817 177 1858 66.
191 1817 215 1859 ο.
224 1819 244 1858 4.
254 1819 273 1857 8.
282 1819 315 1859 18.
370 1812 450 1862 Duxit
460 1814 492 1862 ab
504 1828 623 1878 oppressa
633 1813 749 1863 meritum
761 1814 912 1878 Carthagine
924 1831 1021 1873 nomen,

146 1904 188 1942 loes.
201 1913 221 1942 a
231 1904 263 1942 21.
370 1895 474 1960 Ingenio
485 1896 574 1945 offensi
586 1903 631 1946 aut
641 1898 700 1947 laeso
712 1896 812 1947 doluere
822 1898 927 1948 Metello

196 1953 217 1993 θ’
228 1954 246 1993 ¹·
257 1953 288 1993 10.
298 1953 330 1993 ⁸⁰¹
370 1977 530 2043 Pomosisque
541 1978 612 2044 Lupo
623 1986 737 2044 cooperto
748 1980 882 2029 versibus?
915 1980 993 2045 Atqui

145 2088 191 2117 arr.
205 2077 226 2117 s,
236 2078 255 2117 2,
264 2078 284 2116 3.
294 2077 339 2117 224.
369 2059 494 2109 Primores
504 2060 590 2125 populi
602 2061 710 2126 arripuit
719 2063 885 2127 populumque
895 2063 1018 2123 tributim,

369 2142 468 2192 Scilicet
478 2143 522 2192 uni
534 2160 618 2208 aequus
629 2144 719 2194 virtuti
730 2151 804 2209 atque
816 2143 868 2209 ejus
880 2145 974 2194 amicis.
1136 2150 1167 2200 70

369 2221 435 2277 Quin
448 2223 490 2271 ubi
503 2239 529 2271 se
540 2239 556 2271 a
566 2224 640 2286 volgo
652 2230 677 2272 et
688 2240 761 2273 scens
772 2223 799 2272 in
811 2230 905 2273 secreta
916 2232 1042 2274 remorant

368 2303 456 2353 Virtus
468 2304 588 2369 Scipiadae
600 2311 626 2355 et
636 2306 707 2355 mitis
719 2306 843 2371 sapientia
853 2305 923 2366 Laeli,

145 2400 194 2439 nup.
208 2388 343 2432 R.l.1s.60.
368 2386 464 2451 Nngari
475 2404 531 2437 cum
543 2387 588 2437 illo
599 2393 625 2437 et
636 2387 750 2437 discincti
760 2388 853 2448 ludere,
865 2387 942 2438 donec

144 2472 186 2510 οἷν·
200 2469 222 2508 S·
231 2471 251 2510 2.
259 2470 279 2509 7·
289 2470 321 2540 {1⁰
368 2468 552 2533 Decoqueretur
563 2470 626 2528 olus,
639 2470 716 2519 soliti.
750 2470 877 2535 Quidquid
888 2488 943 2520 aum
955 2488 1007 2536 ego,
1019 2472 1133 2536 quamvis

200 2520 225 2559 Ε
235 2521 329 2612 ¹‘1⁵i‚²15
368 2552 440 2601 infra
451 2551 531 2601 Lucili
542 2569 644 2602 censum
656 2552 838 2616 ingeniumque,
849 2559 933 2603 tamen
945 2571 984 2605 me
1135 2559 1166 2611 75

144 2642 177 2694 76.
189 2643 215 2685 11.
225 2645 244 2684 1.
252 2644 286 2735 {g'
294 2646 334 2735 ξές
368 2634 431 2685 Cum
441 2634 538 2698 magnis
549 2633 642 2684 vixisse
652 2634 733 2684 invita
743 2635 863 2685 fatebitur
872 2653 950 2703 usque

467 2768 499 2809 62.
513 2766 524 2808 1
536 2768 615 2807 oumst.
722 2767 755 2809 65.
767 2767 843 2818 etqui,
944 2771 976 2812 71.
989 2771 1063 2822 vulgo.
