2475 3284
618 218 646 278 Q.
662 217 801 268 HOBAH
816 218 942 269 sarco]

372 350 487 400 Carmine
498 348 541 414 qui
553 349 648 414 tragico
658 350 735 400 vilem
745 351 851 400 certavit
861 353 893 400 ob
903 351 1007 411 hircum,

370 432 432 481 Mox
443 432 519 481 etiam
530 439 640 496 agrestes
651 434 753 498 Satyros
765 434 870 483 nudavit
880 441 905 483 et
915 451 989 499 asper

369 508 493 564 Incolumi
504 515 629 579 gravitate
635 513 721 579 jocum
731 516 865 580 temptavit
876 533 911 576 eo,
923 516 988 580 quod

369 596 499 657 Illecebris
511 604 566 647 erat
577 604 602 648 et
612 605 685 662 grata
696 599 806 648 novitate
817 599 952 648 morandus

369 680 498 744 Spectator
508 681 655 745 functusque
667 681 744 730 sacris
756 687 782 730 et
792 688 865 745 potus
877 688 903 730 et
913 682 991 744 exlex.

368 763 461 812 Verum
472 763 509 812 ita
520 763 619 823 risores,
632 763 669 812 ita
680 763 851 813 commendare
862 755 964 814 dicacis

369 845 505 895 Conveniet
516 846 626 910 Satyros,
638 846 675 894 ita
686 852 782 895 vertere
793 845 859 895 seria
870 846 935 905 ludo,

367 928 405 977 No
416 928 561 993 quicumque
573 929 642 989 dous,
654 928 800 993 quicumque
811 928 971 978 adhibebitur
981 929 1063 988 heros,

367 1010 455 1074 Regali
467 1001 611 1076 conspectui
623 1011 650 1060 in
661 1027 722 1060 auro
733 1026 812 1075 nuper
823 1017 849 1061 et
859 1019 934 1072 ostro,

320 1142 329 1152 ,
366 1092 462 1156 Migret
472 1093 499 1141 in
511 1094 628 1143 obscuras
639 1093 729 1142 humili
741 1111 854 1143 sermone
864 1096 989 1152 tabernas,

144 1363 196 1392 ntor.
206 1352 231 1392 Il.
241 1353 260 1392 2.
270 1353 289 1391 2.
296 1352 340 1391 125.

200 1403 224 1442 C.
234 1405 253 1442 2.
264 1403 296 1442 12.
307 1403 339 1442 17.

141 1682 178 1720 col.
192 1657 211 1721 vi
220 1681 252 1720 86.

366 1177 425 1234 Aut,
438 1175 497 1224 dum
508 1175 574 1225 vitat
583 1177 694 1236 humum,
707 1178 786 1226 nubes
798 1183 824 1226 et
834 1177 920 1227 inania
931 1167 1022 1242 captet.

366 1258 472 1307 Effutire
484 1258 547 1308 lovis
558 1258 662 1323 indigna
673 1260 804 1323 Tragoedia
815 1276 909 1319 versus,

365 1341 404 1389 Ut
414 1340 486 1390 festis
497 1347 611 1390 matrona
622 1341 716 1391 moveri
724 1341 797 1407 jussa
808 1338 903 1401 diebus,
992 1364 995 1368 ¹

365 1422 485 1471 Intererit
496 1423 593 1487 Satyris
604 1424 708 1488 paulum
718 1424 865 1489 pudibunda
876 1424 1007 1489 protervis.

365 1505 422 1554 Non
434 1521 478 1569 ego
489 1506 606 1555 inornata
618 1513 644 1556 et
655 1506 811 1556 dominantia
821 1507 923 1556 nomina
935 1508 1015 1556 solum

364 1588 501 1652 Verbaque,
513 1588 626 1648 Pisones,
639 1590 784 1654 Satyrorum
795 1589 901 1653 scriptor
911 1590 999 1638 amabo
1009 1606 1015 1648 ;

364 1670 416 1719 Nec
427 1670 463 1719 sic
475 1670 556 1720 enitar
567 1671 662 1735 tragico
673 1671 772 1722 differre
782 1672 867 1731 colori,

364 1752 401 1800 Ut
413 1752 477 1800 nihil
486 1752 596 1812 intersit,
608 1754 726 1805 Davusne
737 1756 853 1819 loquatur
864 1761 889 1804 et
900 1755 982 1804 audax

363 1835 468 1900 Pythias
480 1843 593 1886 emuncto
604 1837 701 1887 lucrata
712 1839 812 1888 Simone
822 1839 953 1898 talentum,

363 1922 404 1968 An
415 1925 498 1969 eustos
510 1921 667 1986 famulusque
678 1921 719 1970 dei
730 1921 829 1970 Silenus
840 1921 944 1971 alumni.

362 2002 403 2051 Ex
413 2009 472 2051 noto
483 2004 567 2052 fiotum
579 2020 678 2052 carmen
690 1995 786 2069 sequar,
798 2011 827 2053 nt
838 2005 887 2054 sibi
898 2003 979 2068 quivis

363 2087 450 2151 Speret
461 2086 534 2145 idem,
546 2087 619 2136 sudet
630 2088 736 2136 multum
748 2089 889 2151 frustraque
899 2088 997 2136 laboret

362 2172 446 2218 Ausus
457 2169 538 2222 idem:
556 2176 655 2219 tantum
667 2170 743 2219 series
751 2169 915 2235 juncturaque
926 2171 1011 2236 pollet,

362 2241 513 2301 Tantum'de
524 2251 606 2301 medio
617 2253 724 2317 sumptis
736 2253 830 2324 accedit
839 2253 964 2326 honoriss'

362 2333 438 2383 Silvis
450 2334 549 2384 deducti
560 2341 666 2384 caveant
675 2352 715 2385 me
722 2335 806 2400 judice
818 2336 906 2395 Fauni,
918 2321 927 2336 ‘V

362 2416 400 2465 Ne
411 2418 481 2466 velut
492 2417 573 2466 innati
585 2417 669 2467 triviis
680 2435 709 2467 ac
720 2435 789 2483 paeno
801 2420 911 2468 forenses

361 2501 414 2547 Aut
424 2499 529 2552 nimium
540 2499 633 2548 toneris
641 2499 793 2565 juvenantur
802 2501 916 2551 versibus
927 2516 1052 2564 umquam,

360 2582 413 2629 Aut
423 2581 551 2630 immunda
562 2589 664 2647 crepent
674 2583 885 2648 ignominiosaque
896 2583 977 2642 dicta;

361 2662 527 2713 Offenduntur
538 2664 611 2724 enim,
624 2666 714 2730 quibus
726 2674 764 2717 est
775 2684 851 2732 equus
864 2673 889 2717 et
899 2674 970 2731 pater
981 2672 1006 2715 et
1016 2682 1067 2726 res,

472 2798 528 2839 ass,
541 2797 632 2840 dicaces.
909 2801 954 2840 2³1.
968 2799 1034 2841 leves.
