2475 3284
132 567 172 606 obs.
182 570 219 606 cul.
229 566 329 609 ssim.

127 1392 173 1430 odo.
186 1391 210 1431 0.
220 1394 239 1431 2.
249 1394 281 1432 11.
289 1393 321 1435 la.

126 1466 175 1505 Nir.
185 1467 224 1514 ap.
234 1467 266 1507 15.
275 1468 308 1508 22.

127 1544 281 1587 &CAAAE

125 2120 158 2154 lca.
171 2116 195 2155 0.
205 2117 224 2156 3.
234 2117 266 2158 14.
274 2117 308 2158 20.

124 2499 167 2536 Iun.
181 2496 205 2537 0.
215 2498 234 2536 8.
244 2497 276 2538 16.
285 2498 318 2538 35.

124 2608 166 2647 Sor.
180 2608 204 2648 0.
214 2610 233 2648 1.
242 2609 274 2650 29.
283 2610 316 2649 14.

548 278 552 287 .
603 235 630 296 Q.
647 233 678 284 H
678 234 785 285 oaffl
801 233 928 285 asscel

489 367 558 416 Dura
569 373 627 433 post
637 368 712 432 paulo
722 366 803 431 fugies
814 366 923 416 inaudax

619 450 713 500 Proelia
722 456 823 514 raptor:

488 566 550 616 Cum
560 583 606 631 per
615 566 740 616 obstantis
747 563 868 632 juvenum
879 573 991 616 catervas

484 648 537 698 Ibit
547 649 672 713 insignem
683 656 797 714 repetens
807 648 962 699 Nearchum:

485 731 586 781 Grande
596 725 729 791 certamen,
741 730 789 780 tibi
800 730 884 795 praeda
895 730 966 779 cedat

616 813 701 880 Major
712 831 744 864 an
756 814 803 864 illi.

484 930 597 991 Interim,
609 931 669 981 dum
680 938 708 980 tu
719 930 805 980 celeris
818 930 923 994 sagittas

483 1013 589 1074 Promis,
601 1014 653 1063 haec
664 1014 750 1063 dentes
762 1013 828 1062 acuit
839 1013 969 1072 timendos,

483 1096 586 1146 Arbiter
596 1113 687 1162 pugnae
696 1096 810 1161 posuisse
821 1097 888 1146 nudo

615 1179 667 1228 Sub
678 1178 740 1243 pede
750 1180 860 1244 palmam

483 1294 580 1353 Fertur,
592 1301 618 1344 et
628 1295 680 1344 leni
690 1311 801 1345 recreare
812 1303 887 1345 vento

483 1376 602 1440 Sparsum
613 1377 722 1426 odoratis
733 1377 863 1426 humerum
873 1377 971 1442 capillis
982 1397 988 1436 ;

482 1460 571 1515 Qualis
582 1466 627 1509 aut
637 1460 729 1509 Nireus
740 1460 797 1519 fuit,
809 1467 853 1509 aut
864 1477 956 1525 aquosa

617 1542 715 1607 Raptus
727 1544 759 1593 ab
771 1543 825 1593 Ida.

712 1740 786 1791 XXI.

483 1871 505 1920 0
517 1885 584 1920 aurs
594 1887 690 1920 mecum
701 1873 801 1922 consule
812 1872 918 1932 Manlio,

482 1953 531 2003 Seu
542 1959 570 2001 tu
580 1955 711 2018 querellas,
724 1954 777 2005 sive
787 1955 853 2018 geris
861 1954 939 2020 jocos,

514 2035 563 2084 Seu
573 2035 654 2084 rixam
666 2042 691 2085 et
702 2036 802 2086 insanos
814 2054 917 2097 amores,

547 2118 595 2167 Seu
606 2116 713 2179 facilem,
725 2120 768 2184 pia
779 2126 851 2180 testa,
864 2138 991 2180 somnum;

482 2236 640 2300 Quocumque
650 2237 741 2287 lectum
753 2237 852 2287 nomine
862 2238 999 2288 Massicum

481 2318 577 2378 Servus,
589 2321 682 2369 moveri
694 2320 769 2384 digna
780 2322 845 2370 bono
856 2321 904 2380 die,

514 2402 648 2463 Descende,
661 2403 767 2452 Corvino
773 2401 877 2468 jubente

546 2486 662 2535 Promere
673 2486 829 2549 languidiora
839 2487 907 2537 rina.

480 2602 537 2650 Non
549 2601 600 2660 ille,
612 2618 762 2666 quamquam
773 2602 904 2652 Socraticis
915 2602 999 2653 madet

480 2683 647 2744 Semonibus,
659 2691 685 2733 te
695 2686 809 2748 negleget
820 2685 948 2736 horridus:

473 2824 512 2858 xx.
526 2817 546 2857 t.
559 2817 677 2858 obstantes.
728 2818 748 2857 8.
762 2816 807 2865 illa,
816 2817 841 2859 0.
893 2820 1012 2860 acueres.
