2475 3284
293 218 544 271 EPISTOLARUM
561 219 627 270 LIB.
643 219 665 271 Ι.
681 220 699 272 i.

143 349 253 401 Virtutis
264 367 330 401 verae
342 358 424 401 custos
435 351 577 417 rigidusque
589 353 705 413 satelles3

143 434 215 483 Nune
226 433 256 498 in
265 433 390 499 Aristippi
402 434 489 484 furtim
500 441 623 500 praccepta
633 436 739 496 relabor,

143 517 178 566 Et
187 516 251 565 mihi
261 533 310 576 res,
323 534 372 566 non
383 534 423 567 me
433 505 507 567 rebus
519 507 668 583 subjungere
679 535 761 568 conor.

92 602 125 650 20
143 600 181 648 Ut
192 616 241 648 nox
252 589 334 663 longa,
346 598 436 663 quibus
448 599 665 658 mentituramica,
677 600 779 664 diesque

143 681 229 745 Longa
239 681 339 731 videtur
350 699 412 747 opus
424 681 579 743 debentibus,
591 690 620 732 ut
630 683 702 748 piger
713 700 794 748 annus

142 763 258 829 Pupiilis,
271 782 332 828 quos
343 765 406 814 dura
417 764 508 829 premit
519 766 632 815 custodia
642 773 764 815 matrum:

143 847 182 897 Sic
193 846 256 895 mihi
266 847 339 898 tarda
349 834 432 896 fluunt
442 848 588 912 ingrataque
599 854 719 912 tempora,
730 865 785 913 quae
796 865 866 914 spem

143 928 328 993 Consiliumque
338 936 467 980 morantur
477 930 567 994 agendi
579 931 678 980 naviter
688 931 721 990 id,
733 930 799 996 quod

74 1041 78 1047 ψ
90 1015 124 1063 25
142 1014 222 1077 AEque
233 1012 384 1077 pauperibus
395 1012 504 1077 prodest,
516 1013 681 1078 locupletibus
693 1030 769 1077 aeque,

142 1097 222 1159 AEque'
234 1096 373 1159 neglectum
384 1095 467 1160 pueris
479 1096 628 1159 senibusque
640 1096 750 1145 nocebit:

141 1177 239 1237 Restat,
250 1177 331 1226 uthis
342 1194 386 1242 ego
391 1194 436 1240 'me
447 1178 501 1243 ipse
513 1194 598 1241 regam
609 1179 721 1243 solerque
733 1178 870 1228 elementis.

140 1263 198 1311 Non
208 1260 290 1326 possis
302 1261 372 1314 oculo
383 1266 503 1325 quintum
514 1259 660 1310 contendere
671 1261 793 1326 Lynceus,

140 1347 198 1395 Non
208 1351 293 1394 tamen
304 1343 394 1394 idcirco
406 1339 549 1393 certemus
560 1343 645 1408 lippus
656 1344 743 1407 inungi
752 1362 758 1404 3

64 1414 67 1421 ¹
88 1432 123 1479 30
140 1429 200 1487 Nec,
211 1427 269 1492 quia
280 1426 395 1491 desperes
406 1425 494 1476 invicti
505 1427 616 1475 membra
628 1426 754 1490 Glyconis,

139 1511 240 1560 Nodosa
251 1526 339 1575 eorpus
350 1509 415 1558 nolis
427 1508 556 1573 prohibere
568 1509 692 1572 cheragra.

56 1631 58 1638 ,
91 1651 104 1666 λ
139 1593 188 1642 Est
197 1591 304 1656 quodam
315 1590 413 1655 prodire
424 1597 506 1650 tenus,
518 1589 539 1640 si
552 1606 601 1639 non
613 1590 688 1639 datur
698 1592 773 1641 ultro.

35 1662 62 1698 ‘i‘
83 1673 86 1677 ’
139 1670 229 1731 Fervet
239 1673 347 1723 avaritia
358 1673 496 1737 miseroque
507 1673 623 1737 cupidine
633 1680 733 1738 pectus:

138 1757 203 1806 Sunt
213 1759 290 1806 verba
301 1764 327 1806 et
337 1774 416 1816 voces,
428 1756 518 1821 quibus
529 1757 595 1805 huno
606 1756 684 1806 lenire
696 1756 806 1807 dolorem

87 1844 121 1891 35
138 1828 224 1890 Possis
236 1847 261 1890 et
271 1856 388 1904 magnam
398 1839 478 1889 morbi
487 1840 608 1904 deponere
619 1847 724 1905 partem,

138 1923 232 1988 Laudis
243 1939 326 1972 amore
337 1929 432 1973 tumes:
450 1929 509 1972 sunt
520 1929 587 1972 certa
598 1923 704 1988 piacula,
716 1941 771 1989 quae
781 1930 806 1973 te
848 1969 849 1974 ,

138 2007 188 2056 Tor
198 2008 335 2071 purevlecto
345 2013 463 2071 poterunt
473 2023 584 2056 recreare
595 2006 689 2056 libello.

137 2089 250 2148 Invidus,
262 2089 405 2149 iracundus,
416 2089 491 2149 iners,
502 2089 612 2148 vinosus,
624 2095 728 2148 amator,
821 2129 823 2132 ,

137 2172 216 2220 Nemo
227 2170 288 2221 adeo
299 2173 367 2221 ferus
379 2178 425 2232 est,
436 2177 465 2221 ut
476 2187 525 2219 non
536 2169 665 2220 mitescere
676 2171 764 2235 possit,

85 2257 119 2304 40
137 2254 165 2303 Si
176 2253 248 2303 modo
259 2255 362 2303 culturae
372 2253 509 2318 patientem
520 2253 658 2303 commodet
668 2270 761 2304 aurem.

136 2336 224 2386 Virtus
236 2344 275 2386 est
284 2336 375 2386 vitium
387 2337 471 2400 fugere
483 2343 508 2385 et
519 2336 644 2401 sapientia
654 2336 736 2401 prima

72 2402 77 2414 ’
137 2419 250 2469 Stultitia
261 2418 378 2469 caruisse.
411 2418 495 2479 Vides,
508 2436 562 2483 quae
574 2419 683 2468 maxima
694 2418 774 2468 credis

136 2503 199 2552 Esse
209 2503 283 2563 mala,
296 2502 413 2566 exiguum
424 2518 524 2551 censum
535 2507 681 2566 turpemque
692 2502 825 2566 repulsam,

77 2579 82 2584 ⁶
136 2586 234 2641 Quanto
246 2585 342 2642 devites
353 2584 431 2634 animi
442 2584 581 2649 capitisque
592 2585 684 2634 labore.

85 2672 118 2718 45
136 2668 245 2733 Impiger
256 2676 381 2719 extremos
392 2668 470 2717 curris
481 2673 603 2717 mercator
613 2667 646 2716 ad
657 2666 741 2727 Indos,
773 2705 775 2710 .

135 2752 184 2801 Pe'r
194 2768 262 2801 mare
272 2750 419 2817 pauperiem
430 2751 536 2815 fugiens.
549 2766 594 2814 per
604 2766 672 2809 saxu,
684 2767 729 2815 per
739 2750 824 2814 ignes:

1058 223 1117 282 233·

918 444 965 484 Ari.
979 444 1118 492 E.1.17.23;

1028 497 1060 535 18.
1071 497 1115 537 103.

913 2451 971 2480 max.
985 2441 1006 2480 S.
1017 2442 1037 2481 Q,
1047 2442 1066 2481 3.
1077 2442 1110 2481 92.

912 2539 956 2577 rep.
970 2528 993 2568 0.
1003 2529 1023 2568 3.
1032 2530 1052 2568 2.
1062 2529 1094 2568 11.
