2475 3284
4 2767 8 2898 i

2 3095 8 3262 i
54 3201 58 3204 ,

275 235 483 286 SATLRARUM
499 236 565 286 ala.
583 236 618 285 II.
635 234 688 285 viii.

128 369 191 428 Nos,
203 368 313 432 inquam,
325 384 441 418 cenamus
452 367 513 429 avis,
525 356 662 433 conchylia,
674 367 764 432 piseeS,

128 452 216 516 Longe
226 451 374 501 dissimilem
386 457 444 500 noto
455 451 563 501 celantia
575 468 677 510 aucum3

129 535 171 584 Ut
179 535 220 584 vel
231 534 348 584 eontinno
359 534 449 599 patuit,
461 550 517 583 cnm
528 533 637 599 passeris
649 540 723 598 atque

79 620 113 667 30
130 617 266 681 Ingustata
277 616 339 665 mihi
350 622 495 681 porrexerat
505 616 550 665 ilia
561 616 667 665 rhombi.
706 609 712 619 ’

130 700 195 749 Post
204 699 250 748 hoe
261 716 300 747 me
311 698 395 748 docuit
404 699 529 748 melimela
540 698 628 747 rubere
639 697 761 747 minorem

131 783 175 832 Ad
184 784 270 831 lunam
281 781 392 831 delecta:
410 781 471 846 quid
481 781 527 831 hoe
537 780 646 839 intersit,
659 782 691 830 ab
702 780 758 845 ipso

131 864 250 914 Audieris
261 864 358 915 melius.
392 865 457 914 Tum
468 863 583 913 Vibidius
595 864 740 913 Balatroni:

131 949 186 998 Nos
197 947 247 997 nisi
259 947 376 997 damnose
387 948 504 1008 bibimus,
516 947 651 997 moriemur
661 947 735 995 inulti
746 965 752 1007 ;

61 1027 115 1083 ‘35
131 1030 267 1080 Etoaliees
278 1030 358 1095 poscit
368 1029 482 1096 majores.
517 1030 619 1079 Vertere
631 1029 713 1094 pallor
912 1040 944 1080 35-
957 1030 996 1078 En·
1006 1030 1025 1070 9.
1035 1030 1066 1068 33·

132 1114 197 1163 Turn
208 1113 309 1179 parochi
321 1112 409 1163 faeiem
421 1113 458 1162 nil
469 1113 505 1163 aio
515 1113 651 1162 metuentis
662 1118 692 1160 ut
703 1110 768 1161 aeris

132 1198 246 1257 Poteras,
257 1197 298 1246 vel
309 1195 374 1260 quod
385 1196 538 1245 maledicunt
547 1195 652 1245 liberius
663 1196 705 1244 rel

132 1279 242 1329 Fervida
252 1274 318 1343 quod
329 1279 421 1328 subtile
433 1279 569 1328 exundant
579 1278 639 1328 vina
650 1280 770 1344 palatum.

133 1364 269 1414 Invertunt
279 1362 400 1411 Allifanis
411 1361 509 1412 vinaria
519 1368 573 1411 tota

83 1451 116 1498 40
134 1445 251 1495 Vibidius
262 1445 420 1508 Balatroque,
433 1444 523 1494 secutis
535 1444 650 1493 omnibus
660 1462 667 1504 ;
684 1442 728 1492 imi
911 1445 957 1495 imi,
965 1444 991 1487 Ε.
1000 1445 1019 1484 1,
1030 1446 1061 1484 18.
1071 1444 1104 1484 10.

135 1524 253 1575 Convivae
264 1523 322 1572 lecti
334 1523 440 1572 nihilum
451 1540 555 1573 nocuere
566 1523 671 1586 lagenis.
745 1498 792 1576 f

135 1606 249 1657 Affertur
260 1605 365 1670 squillas
376 1604 443 1655 inter
453 1622 564 1655 muraena
575 1593 692 1654 natantes

135 1691 167 1739 In
178 1689 267 1754 patina
277 1693 398 1754 porrecta.
433 1690 484 1738 Sub
495 1688 542 1738 hoe
557 1705 629 1738 erus:
648 1689 709 1737 Haee
724 1687 836 1752 gravida,
849 1686 887 1735 in-

234 1771 296 1835 qua,
816 1810 830 1837 .

136 1856 216 1920 Capta
227 1863 273 1914 est,
285 1853 392 1904 deterior
403 1859 461 1918 post
471 1861 572 1918 partum
584 1871 658 1904 earne
670 1855 763 1903 futura.

83 1943 116 1989 45
135 1938 185 1986 His
196 1937 302 1985 mixtum
310 1935 352 2001 jus
364 1942 415 1985 est:
434 1937 495 1994 oleo,
507 1936 572 2000 quod
584 1936 665 2001 prima
676 1936 781 1985 Venafri
916 1941 964 1979 Ver.
977 1939 998 1980 S.
1009 1940 1027 1979 a.
1037 1938 1056 1977 4.
1066 1939 1098 1977 aa.

135 2019 233 2070 Pressit
243 2020 321 2078 eella;
338 2035 398 2082 garo
409 2018 440 2067 de
452 2018 516 2068 sucis
528 2018 604 2083 piseis
616 2019 706 2068 Hiberi
716 2037 721 2078 ;

136 2103 203 2152 Vino
214 2101 375 2167 quinquenni,
386 2119 473 2151 verum
484 2102 547 2151 eitra
558 2119 627 2151 mare
638 2109 705 2161 nato,

136 2185 204 2235 Dum
215 2184 428 2249 coquitur-coeto
440 2183 530 2233 Chium
541 2184 577 2235 sio
588 2184 711 2244 convenit,
722 2191 752 2233 ut
763 2201 812 2233 non

136 2270 192 2319 Hoo
203 2267 283 2331 magis
294 2268 373 2318 ullum
384 2266 454 2316 aliud
461 2266 586 2332 ;-pipere
598 2268 664 2327 albo,
677 2284 726 2316 non
739 2267 792 2316 sine
803 2274 879 2326 aceto,

84 2357 118 2404 50
136 2350 209 2408 Quod
220 2350 414 2415 Methymnaeam
424 2349 487 2399 vitio
498 2351 635 2400 mutaverit
646 2367 728 2401 uvam.
913 2356 964 2393 mat.
978 2353 999 2392 S.
1008 2354 1028 2392 2.
1037 2354 1057 2391 2.
1067 2353 1098 2390 58.

135 2435 232 2485 Erucas
243 2431 343 2491 virides,
355 2432 438 2481 inulas
450 2449 495 2497 ego
505 2433 601 2497 primus
613 2450 712 2483 amaras
913 2446 959 2485 ina.
973 2443 1024 2484 aa,
1035 2442 1094 2494 au.

135 2515 278 2567 Monstravi
289 2515 432 2579 incoquere;
450 2515 544 2565 inlutos
556 2516 679 2566 Curtillus
692 2515 798 2575 echinos,
913 2533 954 2572 inc.
967 2531 1007 2579 up,
1017 2531 1037 2571 3.
1049 2530 1069 2570 r.

136 2602 175 2651 Ut
186 2599 276 2649 melius
287 2597 368 2647 muria
378 2597 445 2662 quod
455 2604 521 2648 testa
532 2600 630 2648 marina
641 2599 761 2649 remittat.

215 2756 249 2797 27.
261 2765 319 2795 ares.
424 2754 457 2795 36.
470 2765 537 2797 aeres.
646 2757 678 2795 43.
691 2755 763 2796 herus.

291 2820 325 2859 44.
339 2817 452 2867 raptat.
569 2820 601 2859 ⁶3.
615 2829 688 2869 quam.
