<?xml version="1.0" encoding="UTF-8"?>
<!DOCTYPE html PUBLIC "-//W3C//DTD XHTML 1.0 Transitional//EN"
    "http://www.w3.org/TR/xhtml1/DTD/xhtml1-transitional.dtd">
<html xmlns="http://www.w3.org/1999/xhtml" xml:lang="en" lang="en">
 <head>
  <title>
</title>
<meta http-equiv="Content-Type" content="text/html;charset=utf-8" />
  <meta name='ocr-system' content='tesseract 3.04.00' />
  <meta name='ocr-capabilities' content='ocr_page ocr_carea ocr_par ocr_line ocrx_word'/>
</head>
<body>
  <div class='ocr_page' id='page_1' title='image "./horace00yonggoog_0097.png"; bbox 0 0 2475 3284; ppageno 0'>
   <div class='ocr_carea' id='block_1_1' title="bbox 313 205 705 259">
    <p class='ocr_par' dir='ltr' id='par_1_1' title="bbox 313 205 705 259">
     <span class='ocr_line' id='line_1_1' title="bbox 313 205 705 259; baseline -0.01 0"><span class='ocrx_word' id='word_1_1' title='bbox 313 207 507 259; x_wconf 72' lang='lat' dir='ltr'><strong><em>GARMJNUM</em></strong></span> <span class='ocrx_word' id='word_1_2' title='bbox 523 207 588 257; x_wconf 78' lang='grc' dir='ltr'>ΗΒ.</span> <span class='ocrx_word' id='word_1_3' title='bbox 606 206 654 257; x_wconf 88' lang='grc' dir='ltr'>ΠΙ.</span> <span class='ocrx_word' id='word_1_4' title='bbox 673 205 705 255; x_wconf 88' lang='lat' dir='ltr'>vi.</span> 
     </span>
    </p>
   </div>
   <div class='ocr_carea' id='block_1_2' title="bbox 244 339 662 406">
    <p class='ocr_par' dir='ltr' id='par_1_2' title="bbox 244 339 662 406">
     <span class='ocr_line' id='line_1_2' title="bbox 244 339 662 406; baseline -0.01 -15"><span class='ocrx_word' id='word_1_5' title='bbox 244 342 360 399; x_wconf 79' lang='lat' dir='ltr'>Feounda</span> <span class='ocrx_word' id='word_1_6' title='bbox 370 343 449 406; x_wconf 82' lang='lat' dir='ltr'>eulpae</span> <span class='ocrx_word' id='word_1_7' title='bbox 461 342 550 389; x_wconf 81' lang='lat' dir='ltr'>saeoula</span> <span class='ocrx_word' id='word_1_8' title='bbox 561 339 662 404; x_wconf 79' lang='lat' dir='ltr'>nuptias</span> 
     </span>
    </p>
   </div>
   <div class='ocr_carea' id='block_1_3' title="bbox 243 419 875 573">
    <p class='ocr_par' dir='ltr' id='par_1_3' title="bbox 243 419 875 573">
     <span class='ocr_line' id='line_1_3' title="bbox 243 419 875 573; baseline -0.009 -100"><span class='ocrx_word' id='word_1_9' title='bbox 243 422 356 473; x_wconf 78' lang='lat' dir='ltr'>Primum</span> <span class='ocrx_word' id='word_1_10' title='bbox 365 419 535 487; x_wconf 84' lang='lat' dir='ltr'>inquinavere,</span> <span class='ocrx_word' id='word_1_11' title='bbox 548 429 573 471; x_wconf 89' lang='lat' dir='ltr'>et</span> <span class='ocrx_word' id='word_1_12' title='bbox 583 438 670 485; x_wconf 81' lang='lat' dir='ltr'>genus,</span> <span class='ocrx_word' id='word_1_13' title='bbox 682 426 707 470; x_wconf 89' lang='lat' dir='ltr'>et</span> <span class='ocrx_word' id='word_1_14' title='bbox 717 420 853 573; x_wconf 65' lang='lat' dir='ltr'>domos·R</span> <span class='ocrx_word' id='word_1_15' title='bbox 848 484 875 489; x_wconf 24' lang='lat' dir='ltr'>m</span> 
     </span>
    </p>
   </div>
   <div class='ocr_carea' id='block_1_4' title="bbox 277 504 747 653">
    <p class='ocr_par' dir='ltr' id='par_1_4' title="bbox 277 504 709 653">
     <span class='ocr_line' id='line_1_4' title="bbox 277 504 630 557; baseline -0.011 0"><span class='ocrx_word' id='word_1_16' title='bbox 277 508 332 557; x_wconf 86' lang='lat' dir='ltr'>Hoe</span> <span class='ocrx_word' id='word_1_17' title='bbox 343 508 412 556; x_wconf 82' lang='lat' dir='ltr'>fonte</span> <span class='ocrx_word' id='word_1_18' title='bbox 423 505 536 555; x_wconf 83' lang='lat' dir='ltr'>derivata</span> <span class='ocrx_word' id='word_1_19' title='bbox 548 504 630 554; x_wconf 83' lang='lat' dir='ltr'>clades</span> 
     </span>
     <span class='ocr_line' id='line_1_5' title="bbox 309 560 747 653; baseline -0.01 -15"><span class='ocrx_word' id='word_1_20' title='bbox 309 589 341 638; x_wconf 89' lang='lat' dir='ltr'>In</span> <span class='ocrx_word' id='word_1_21' title='bbox 352 587 460 653; x_wconf 87' lang='lat' dir='ltr'>patriam</span> <span class='ocrx_word' id='word_1_22' title='bbox 472 588 637 652; x_wconf 88' lang='lat' dir='ltr'>populumque</span> <span class='ocrx_word' id='word_1_23' title='bbox 649 560 747 635; x_wconf 76' lang='lat' dir='ltr'>fluxi</span> 
     </span>
    </p>
   </div>
   <div class='ocr_carea' id='block_1_5' title="bbox 243 690 748 849">
    <p class='ocr_par' dir='ltr' id='par_1_5' title="bbox 243 690 694 839">
     <span class='ocr_line' id='line_1_6' title="bbox 243 690 630 756; baseline -0.005 -14"><span class='ocrx_word' id='word_1_24' title='bbox 243 693 328 748; x_wconf 79' lang='lat' dir='ltr'>Motus</span> <span class='ocrx_word' id='word_1_25' title='bbox 339 691 419 741; x_wconf 83' lang='lat' dir='ltr'>doceri</span> <span class='ocrx_word' id='word_1_26' title='bbox 430 691 522 756; x_wconf 80' lang='lat' dir='ltr'>gaudet</span> <span class='ocrx_word' id='word_1_27' title='bbox 532 690 630 740; x_wconf 81' lang='lat' dir='ltr'>Ionicos</span> 
     </span>
     <span class='ocr_line' id='line_1_7' title="bbox 243 773 748 849; baseline -0.007 -24"><span class='ocrx_word' id='word_1_28' title='bbox 243 775 379 825; x_wconf 80' lang='lat' dir='ltr'>Matura</span> <span class='ocrx_word' id='word_1_29' title='bbox 355 791 433 839; x_wconf 73' lang='lat' dir='ltr'>virgo,</span> <span class='ocrx_word' id='word_1_30' title='bbox 446 782 472 824; x_wconf 86' lang='lat' dir='ltr'>et</span> <span class='ocrx_word' id='word_1_31' title='bbox 481 773 586 838; x_wconf 80' lang='lat' dir='ltr'>fingitur</span> <span class='ocrx_word' id='word_1_32' title='bbox 597 773 748 849; x_wconf 82' lang='lat' dir='ltr'>artibus:</span> 
     </span>
    </p>
   </div>
   <div class='ocr_carea' id='block_1_6' title="bbox 275 854 823 921">
    <p class='ocr_par' dir='ltr' id='par_1_6' title="bbox 275 854 823 921">
     <span class='ocr_line' id='line_1_8' title="bbox 275 854 823 921; baseline -0.009 -13"><span class='ocrx_word' id='word_1_33' title='bbox 275 860 292 908; x_wconf 93' lang='lat' dir='ltr'><strong>J</strong></span> <span class='ocrx_word' id='word_1_34' title='bbox 293 876 334 908; x_wconf 91' lang='lat' dir='ltr'>am</span> <span class='ocrx_word' id='word_1_35' title='bbox 345 875 411 907; x_wconf 88' lang='lat' dir='ltr'>nuno</span> <span class='ocrx_word' id='word_1_36' title='bbox 421 865 447 906; x_wconf 87' lang='lat' dir='ltr'>et</span> <span class='ocrx_word' id='word_1_37' title='bbox 457 857 564 906; x_wconf 84' lang='lat' dir='ltr'>inoestos</span> <span class='ocrx_word' id='word_1_38' title='bbox 576 873 672 905; x_wconf 84' lang='lat' dir='ltr'>amores</span> <span class='ocrx_word' id='word_1_39' title='bbox 750 854 768 891; x_wconf 45' lang='grc' dir='ltr'><strong><em>Ψ</em></strong></span> <span class='ocrx_word' id='word_1_40' title='bbox 807 899 823 921; x_wconf 43' lang='grc' dir='ltr'><em>Ι</em></span> 
     </span>
    </p>
   </div>
   <div class='ocr_carea' id='block_1_7' title="bbox 307 938 683 1002">
    <p class='ocr_par' dir='ltr' id='par_1_7' title="bbox 307 938 683 1002">
     <span class='ocr_line' id='line_1_9' title="bbox 307 938 683 1002; baseline -0.005 -12"><span class='ocrx_word' id='word_1_41' title='bbox 307 941 345 990; x_wconf 86' lang='lat' dir='ltr'>De</span> <span class='ocrx_word' id='word_1_42' title='bbox 356 947 441 990; x_wconf 85' lang='lat' dir='ltr'>tenero</span> <span class='ocrx_word' id='word_1_43' title='bbox 451 939 587 989; x_wconf 77' lang='lat' dir='ltr'>meditatur</span> <span class='ocrx_word' id='word_1_44' title='bbox 597 938 683 1002; x_wconf 80' lang='lat' dir='ltr'>ungui.</span> 
     </span>
    </p>
   </div>
   <div class='ocr_carea' id='block_1_8' title="bbox 240 1043 707 1706">
    <p class='ocr_par' dir='ltr' id='par_1_8' title="bbox 240 1043 707 1706">
     <span class='ocr_line' id='line_1_10' title="bbox 242 1043 662 1110; baseline -0.01 -15"><span class='ocrx_word' id='word_1_45' title='bbox 242 1047 304 1095; x_wconf 84' lang='lat' dir='ltr'>Mox</span> <span class='ocrx_word' id='word_1_46' title='bbox 311 1044 424 1110; x_wconf 84' lang='lat' dir='ltr'>juniores</span> <span class='ocrx_word' id='word_1_47' title='bbox 435 1044 524 1108; x_wconf 84' lang='lat' dir='ltr'>quaerit</span> <span class='ocrx_word' id='word_1_48' title='bbox 535 1043 662 1092; x_wconf 84' lang='lat' dir='ltr'>adulteros</span> 
     </span>
     <span class='ocr_line' id='line_1_11' title="bbox 241 1125 677 1191; baseline -0.011 -13"><span class='ocrx_word' id='word_1_49' title='bbox 241 1130 312 1179; x_wconf 81' lang='lat' dir='ltr'>Inter</span> <span class='ocrx_word' id='word_1_50' title='bbox 321 1128 406 1178; x_wconf 86' lang='lat' dir='ltr'>mariti</span> <span class='ocrx_word' id='word_1_51' title='bbox 417 1126 491 1186; x_wconf 85' lang='lat' dir='ltr'>vina;</span> <span class='ocrx_word' id='word_1_52' title='bbox 509 1142 587 1191; x_wconf 89' lang='lat' dir='ltr'>neque</span> <span class='ocrx_word' id='word_1_53' title='bbox 598 1125 677 1188; x_wconf 80' lang='lat' dir='ltr'>eligit,</span> 
     </span>
     <span class='ocr_line' id='line_1_12' title="bbox 275 1208 677 1274; baseline -0.015 -13"><span class='ocrx_word' id='word_1_54' title='bbox 275 1211 320 1262; x_wconf 78' lang='lat' dir='ltr'>eui</span> <span class='ocrx_word' id='word_1_55' title='bbox 332 1211 407 1260; x_wconf 87' lang='lat' dir='ltr'>donat</span> <span class='ocrx_word' id='word_1_56' title='bbox 417 1209 573 1274; x_wconf 83' lang='lat' dir='ltr'>impermissa</span> <span class='ocrx_word' id='word_1_57' title='bbox 584 1208 677 1273; x_wconf 88' lang='lat' dir='ltr'>raptim</span> 
     </span>
     <span class='ocr_line' id='line_1_13' title="bbox 307 1290 691 1352; baseline -0.013 -9"><span class='ocrx_word' id='word_1_58' title='bbox 307 1293 413 1352; x_wconf 82' lang='lat' dir='ltr'>Gaudia,</span> <span class='ocrx_word' id='word_1_59' title='bbox 425 1292 563 1341; x_wconf 78' lang='lat' dir='ltr'>luminibus</span> <span class='ocrx_word' id='word_1_60' title='bbox 574 1290 691 1349; x_wconf 80' lang='lat' dir='ltr'>remotis;</span> 
     </span>
     <span class='ocr_line' id='line_1_14' title="bbox 240 1391 699 1460; baseline -0.011 -15"><span class='ocrx_word' id='word_1_61' title='bbox 240 1395 288 1445; x_wconf 71' lang='lat' dir='ltr'>Sui</span> <span class='ocrx_word' id='word_1_62' title='bbox 295 1394 367 1460; x_wconf 79' lang='lat' dir='ltr'>jussa</span> <span class='ocrx_word' id='word_1_63' title='bbox 378 1411 462 1444; x_wconf 85' lang='lat' dir='ltr'>eoram</span> <span class='ocrx_word' id='word_1_64' title='bbox 473 1410 522 1442; x_wconf 91' lang='lat' dir='ltr'>non</span> <span class='ocrx_word' id='word_1_65' title='bbox 535 1392 589 1442; x_wconf 86' lang='lat' dir='ltr'>sine</span> <span class='ocrx_word' id='word_1_66' title='bbox 600 1391 699 1442; x_wconf 83' lang='lat' dir='ltr'>conscio</span> 
     </span>
     <span class='ocr_line' id='line_1_15' title="bbox 240 1474 690 1541; baseline -0.011 -14"><span class='ocrx_word' id='word_1_67' title='bbox 240 1474 324 1541; x_wconf 77' lang='lat' dir='ltr'>Surgit</span> <span class='ocrx_word' id='word_1_68' title='bbox 335 1476 434 1536; x_wconf 83' lang='lat' dir='ltr'>marite,</span> <span class='ocrx_word' id='word_1_69' title='bbox 446 1493 489 1525; x_wconf 85' lang='lat' dir='ltr'>seu</span> <span class='ocrx_word' id='word_1_70' title='bbox 497 1481 571 1525; x_wconf 84' lang='lat' dir='ltr'>vocat</span> <span class='ocrx_word' id='word_1_71' title='bbox 581 1475 690 1532; x_wconf 79' lang='lat' dir='ltr'>institor,</span> 
     </span>
     <span class='ocr_line' id='line_1_16' title="bbox 272 1556 674 1629; baseline -0.01 -20"><span class='ocrx_word' id='word_1_72' title='bbox 272 1560 320 1609; x_wconf 85' lang='lat' dir='ltr'>Seu</span> <span class='ocrx_word' id='word_1_73' title='bbox 332 1559 403 1608; x_wconf 81' lang='lat' dir='ltr'>navis</span> <span class='ocrx_word' id='word_1_74' title='bbox 415 1558 536 1629; x_wconf 69' lang='lat' dir='ltr'>Hispanae</span> <span class='ocrx_word' id='word_1_75' title='bbox 547 1556 674 1620; x_wconf 82' lang='lat' dir='ltr'>magister,</span> 
     </span>
     <span class='ocr_line' id='line_1_17' title="bbox 305 1641 707 1706; baseline -0.005 -14"><span class='ocrx_word' id='word_1_76' title='bbox 305 1642 457 1692; x_wconf 78' lang='lat' dir='ltr'>Dedecorum</span> <span class='ocrx_word' id='word_1_77' title='bbox 468 1641 591 1706; x_wconf 80' lang='lat' dir='ltr'>pretiosus</span> <span class='ocrx_word' id='word_1_78' title='bbox 604 1648 707 1705; x_wconf 81' lang='lat' dir='ltr'>emptor.</span> 
     </span>
    </p>
   </div>
   <div class='ocr_carea' id='block_1_9' title="bbox 240 1743 802 2058">
    <p class='ocr_par' dir='ltr' id='par_1_9' title="bbox 240 1743 786 2058">
     <span class='ocr_line' id='line_1_18' title="bbox 240 1743 700 1812; baseline -0.009 -14"><span class='ocrx_word' id='word_1_79' title='bbox 240 1749 296 1798; x_wconf 88' lang='lat' dir='ltr'>Non</span> <span class='ocrx_word' id='word_1_80' title='bbox 307 1743 367 1797; x_wconf 84' lang='lat' dir='ltr'>his</span> <span class='ocrx_word' id='word_1_81' title='bbox 355 1754 485 1812; x_wconf 66' lang='lat' dir='ltr'>juventus</span> <span class='ocrx_word' id='word_1_82' title='bbox 488 1752 543 1795; x_wconf 87' lang='lat' dir='ltr'>orta</span> <span class='ocrx_word' id='word_1_83' title='bbox 553 1753 641 1811; x_wconf 84' lang='lat' dir='ltr'>parent</span> <span class='ocrx_word' id='word_1_84' title='bbox 631 1745 700 1794; x_wconf 82' lang='lat' dir='ltr'>tibus</span> 
     </span>
     <span class='ocr_line' id='line_1_19' title="bbox 240 1810 668 1905; baseline -0.007 -25"><span class='ocrx_word' id='word_1_85' title='bbox 240 1810 331 1905; x_wconf 77' lang='lat' dir='ltr'>Infqoit</span> <span class='ocrx_word' id='word_1_86' title='bbox 341 1845 424 1894; x_wconf 77' lang='lat' dir='ltr'>aequor</span> <span class='ocrx_word' id='word_1_87' title='bbox 435 1828 555 1893; x_wconf 82' lang='lat' dir='ltr'>sanguine</span> <span class='ocrx_word' id='word_1_88' title='bbox 566 1828 668 1888; x_wconf 82' lang='lat' dir='ltr'>Punico,</span> 
     </span>
     <span class='ocr_line' id='line_1_20' title="bbox 272 1900 715 1978; baseline -0.002 -18"><span class='ocrx_word' id='word_1_89' title='bbox 272 1900 441 1978; x_wconf 82' lang='lat' dir='ltr'>Pyrrhumque</span> <span class='ocrx_word' id='word_1_90' title='bbox 453 1918 478 1960; x_wconf 90' lang='lat' dir='ltr'>et</span> <span class='ocrx_word' id='word_1_91' title='bbox 488 1904 615 1975; x_wconf 82' lang='lat' dir='ltr'>ingentem</span> <span class='ocrx_word' id='word_1_92' title='bbox 626 1910 715 1960; x_wconf 76' lang='lat' dir='ltr'>cecidit</span> 
     </span>
     <span class='ocr_line' id='line_1_21' title="bbox 303 1993 802 2058; baseline -0.002 -15"><span class='ocrx_word' id='word_1_93' title='bbox 303 1994 464 2053; x_wconf 76' lang='lat' dir='ltr'>Antiochum,</span> <span class='ocrx_word' id='word_1_94' title='bbox 476 1993 693 2058; x_wconf 82' lang='lat' dir='ltr'>Hannibalemque</span> <span class='ocrx_word' id='word_1_95' title='bbox 705 1994 802 2043; x_wconf 89' lang='lat' dir='ltr'>dirum:</span> 
     </span>
    </p>
   </div>
   <div class='ocr_carea' id='block_1_10' title="bbox 239 2078 687 2403">
    <p class='ocr_par' dir='ltr' id='par_1_10' title="bbox 240 2078 687 2169">
     <span class='ocr_line' id='line_1_22' title="bbox 240 2078 687 2169; baseline -0.007 -22"><span class='ocrx_word' id='word_1_96' title='bbox 240 2097 287 2147; x_wconf 85' lang='lat' dir='ltr'>Sed</span> <span class='ocrx_word' id='word_1_97' title='bbox 297 2078 445 2169; x_wconf 73' lang='lat' dir='ltr'>rusticorum</span> <span class='ocrx_word' id='word_1_98' title='bbox 456 2097 567 2149; x_wconf 87' lang='lat' dir='ltr'>mascula</span> <span class='ocrx_word' id='word_1_99' title='bbox 577 2096 687 2145; x_wconf 84' lang='lat' dir='ltr'>militum</span> 
     </span>
    </p>

    <p class='ocr_par' dir='ltr' id='par_1_11' title="bbox 239 2156 675 2333">
     <span class='ocr_line' id='line_1_23' title="bbox 239 2156 675 2254; baseline -0.005 -24"><span class='ocrx_word' id='word_1_100' title='bbox 239 2181 333 2254; x_wconf 51' lang='lat' dir='ltr'>Proui,</span> <span class='ocrx_word' id='word_1_101' title='bbox 346 2156 454 2228; x_wconf 72' lang='lat' dir='ltr'>eatenis</span> <span class='ocrx_word' id='word_1_102' title='bbox 466 2174 538 2228; x_wconf 70' lang='lat' dir='ltr'>auu</span> <span class='ocrx_word' id='word_1_103' title='bbox 549 2178 675 2242; x_wconf 71' lang='lat' dir='ltr'>ligonibus</span> 
     </span>
     <span class='ocr_line' id='line_1_24' title="bbox 270 2262 620 2333; baseline -0.009 -20"><span class='ocrx_word' id='word_1_104' title='bbox 270 2264 376 2329; x_wconf 76' lang='lat' dir='ltr'>Versare</span> <span class='ocrx_word' id='word_1_105' title='bbox 386 2262 480 2333; x_wconf 82' lang='lat' dir='ltr'>glebas,</span> <span class='ocrx_word' id='word_1_106' title='bbox 493 2267 518 2310; x_wconf 87' lang='lat' dir='ltr'>et</span> <span class='ocrx_word' id='word_1_107' title='bbox 529 2278 620 2311; x_wconf 77' lang='lat' dir='ltr'>severae</span> 
     </span>
    </p>

    <p class='ocr_par' dir='ltr' id='par_1_12' title="bbox 303 2343 686 2403">
     <span class='ocr_line' id='line_1_25' title="bbox 303 2343 686 2403; baseline -0.008 -8"><span class='ocrx_word' id='word_1_108' title='bbox 303 2345 395 2403; x_wconf 68' lang='lat' dir='ltr'>Matris</span> <span class='ocrx_word' id='word_1_109' title='bbox 407 2344 440 2394; x_wconf 78' lang='lat' dir='ltr'>ad</span> <span class='ocrx_word' id='word_1_110' title='bbox 451 2344 583 2393; x_wconf 76' lang='lat' dir='ltr'>arbitrium</span> <span class='ocrx_word' id='word_1_111' title='bbox 594 2343 686 2393; x_wconf 81' lang='lat' dir='ltr'>recisos</span> 
     </span>
    </p>
   </div>
   <div class='ocr_carea' id='block_1_11' title="bbox 238 2445 707 2759">
    <p class='ocr_par' dir='ltr' id='par_1_13' title="bbox 238 2445 707 2759">
     <span class='ocr_line' id='line_1_26' title="bbox 238 2445 679 2507; baseline -0.009 -11"><span class='ocrx_word' id='word_1_112' title='bbox 238 2448 341 2501; x_wconf 77' lang='lat' dir='ltr'>Portare</span> <span class='ocrx_word' id='word_1_113' title='bbox 353 2448 440 2507; x_wconf 82' lang='lat' dir='ltr'>fustes,</span> <span class='ocrx_word' id='word_1_114' title='bbox 453 2446 491 2495; x_wconf 82' lang='lat' dir='ltr'>aol</span> <span class='ocrx_word' id='word_1_115' title='bbox 501 2445 545 2495; x_wconf 90' lang='lat' dir='ltr'>ubi</span> <span class='ocrx_word' id='word_1_116' title='bbox 557 2445 679 2494; x_wconf 90' lang='lat' dir='ltr'>montium</span> 
     </span>
     <span class='ocr_line' id='line_1_27' title="bbox 238 2526 692 2592; baseline -0.004 -13"><span class='ocrx_word' id='word_1_117' title='bbox 238 2530 350 2579; x_wconf 85' lang='lat' dir='ltr'>Mutaret</span> <span class='ocrx_word' id='word_1_118' title='bbox 360 2529 463 2578; x_wconf 83' lang='lat' dir='ltr'>umbras</span> <span class='ocrx_word' id='word_1_119' title='bbox 476 2535 501 2577; x_wconf 91' lang='lat' dir='ltr'>et</span> <span class='ocrx_word' id='word_1_120' title='bbox 508 2526 570 2592; x_wconf 85' lang='lat' dir='ltr'>juga</span> <span class='ocrx_word' id='word_1_121' title='bbox 581 2527 692 2577; x_wconf 87' lang='lat' dir='ltr'>demeret</span> 
     </span>
     <span class='ocr_line' id='line_1_28' title="bbox 271 2604 609 2675; baseline -0.009 -13"><span class='ocrx_word' id='word_1_122' title='bbox 271 2613 356 2662; x_wconf 88' lang='lat' dir='ltr'>Bobus</span> <span class='ocrx_word' id='word_1_123' title='bbox 368 2610 489 2675; x_wconf 83' lang='lat' dir='ltr'>fatigatis,</span> <span class='ocrx_word' id='word_1_124' title='bbox 501 2604 609 2660; x_wconf 84' lang='lat' dir='ltr'>amicum</span> 
     </span>
     <span class='ocr_line' id='line_1_29' title="bbox 302 2695 707 2759; baseline -0.002 -15"><span class='ocrx_word' id='word_1_125' title='bbox 302 2696 410 2759; x_wconf 84' lang='lat' dir='ltr'>Tempus</span> <span class='ocrx_word' id='word_1_126' title='bbox 422 2711 497 2758; x_wconf 84' lang='lat' dir='ltr'>agens</span> <span class='ocrx_word' id='word_1_127' title='bbox 509 2695 615 2744; x_wconf 85' lang='lat' dir='ltr'>abeunte</span> <span class='ocrx_word' id='word_1_128' title='bbox 627 2711 707 2744; x_wconf 78' lang='lat' dir='ltr'>curru.</span> 
     </span>
    </p>
   </div>
   <div class='ocr_carea' id='block_1_12' title="bbox 230 2811 782 2861">
    <p class='ocr_par' dir='ltr' id='par_1_14' title="bbox 230 2811 782 2861">
     <span class='ocr_line' id='line_1_30' title="bbox 230 2811 782 2861; baseline 0 -9"><span class='ocrx_word' id='word_1_129' title='bbox 230 2812 263 2853; x_wconf 62' lang='grc' dir='ltr'>Ὦ.</span> <span class='ocrx_word' id='word_1_130' title='bbox 275 2811 384 2861; x_wconf 78' lang='lat' dir='ltr'>frangitur</span> <span class='ocrx_word' id='word_1_131' title='bbox 393 2813 490 2853; x_wconf 76' lang='lat' dir='ltr'>artubus.</span> <span class='ocrx_word' id='word_1_132' title='bbox 606 2813 639 2853; x_wconf 75' lang='lat'>27.</span> <span class='ocrx_word' id='word_1_133' title='bbox 652 2811 782 2852; x_wconf 54' lang='lat' dir='ltr'>intermina.</span> 
     </span>
    </p>
   </div>
   <div class='ocr_carea' id='block_1_13' title="bbox 934 1828 1101 1878">
    <p class='ocr_par' dir='ltr' id='par_1_15' title="bbox 934 1828 1101 1878">
     <span class='ocr_line' id='line_1_31' title="bbox 934 1828 1101 1878; baseline 0 -10"><span class='ocrx_word' id='word_1_134' title='bbox 934 1828 1101 1878; x_wconf 51' lang='lat' dir='ltr'>maun&amp;</span> 
     </span>
    </p>
   </div>
   <div class='ocr_carea' id='block_1_14' title="bbox 932 2006 1125 2105">
    <p class='ocr_par' dir='ltr' id='par_1_16' title="bbox 932 2006 1125 2105">
     <span class='ocr_line' id='line_1_32' title="bbox 932 2006 1125 2047; baseline 0 -1"><span class='ocrx_word' id='word_1_135' title='bbox 932 2008 989 2047; x_wconf 79' lang='lat' dir='ltr'>Han.</span> <span class='ocrx_word' id='word_1_136' title='bbox 1003 2006 1027 2046; x_wconf 80' lang='lat'>0.</span> <span class='ocrx_word' id='word_1_137' title='bbox 1036 2009 1056 2045; x_wconf 83' lang='lat'>4.</span> <span class='ocrx_word' id='word_1_138' title='bbox 1065 2007 1085 2046; x_wconf 80' lang='lat'>8.</span> <span class='ocrx_word' id='word_1_139' title='bbox 1093 2007 1125 2046; x_wconf 76' lang='lat' dir='ltr'>lo.</span> 
     </span>
     <span class='ocr_line' id='line_1_33' title="bbox 1003 2058 1114 2105; baseline 0 -8"><span class='ocrx_word' id='word_1_140' title='bbox 1003 2058 1043 2105; x_wconf 87' lang='lat' dir='ltr'>Ep.</span> <span class='ocrx_word' id='word_1_141' title='bbox 1053 2059 1084 2096; x_wconf 85' lang='grc'>16.</span> <span class='ocrx_word' id='word_1_142' title='bbox 1094 2058 1114 2097; x_wconf 86' lang='grc'>8.</span> 
     </span>
    </p>
   </div>
   <div class='ocr_carea' id='block_1_15' title="bbox 932 2125 1113 2165">
    <p class='ocr_par' dir='ltr' id='par_1_17' title="bbox 932 2125 1113 2165">
     <span class='ocr_line' id='line_1_34' title="bbox 932 2125 1113 2165; baseline 0 -2"><span class='ocrx_word' id='word_1_143' title='bbox 932 2135 984 2165; x_wconf 73' lang='lat' dir='ltr'>mae.</span> <span class='ocrx_word' id='word_1_144' title='bbox 997 2125 1024 2164; x_wconf 81' lang='lat' dir='ltr'>A.</span> <span class='ocrx_word' id='word_1_145' title='bbox 1034 2125 1058 2164; x_wconf 87' lang='lat' dir='ltr'>P.</span> <span class='ocrx_word' id='word_1_146' title='bbox 1067 2125 1113 2164; x_wconf 70' lang='lat'>40⁸2.</span> 
     </span>
    </p>
   </div>
   <div class='ocr_carea' id='block_1_16' title="bbox 0 0 1242 3284">
    <p class='ocr_par' dir='ltr' id='par_1_18' title="bbox 0 0 1242 3284">
     <span class='ocr_line' id='line_1_35' title="bbox 0 0 1242 3284; baseline 0 2"><span class='ocrx_word' id='word_1_147' title='bbox 0 0 1242 3284; x_wconf 95' lang='lat' dir='ltr'> </span> 
     </span>
    </p>
   </div>
  </div>
 </body>
</html>
