2475 3284
278 203 486 256 SATIRARUM
503 202 569 253 ΗΒ.
585 202 620 253 IL
637 202 680 255 vii.

144 337 226 401 Urget
237 335 304 386 enim
315 335 430 385 dominus
441 341 549 385 mentem
561 351 611 385 non
622 334 686 385 lenis
698 342 723 385 et
734 334 798 385 aeris

145 419 273 485 Subjectat
283 420 351 468 lasso
362 419 477 468 stimulos
488 424 619 482 versatque
632 425 770 482 negantem.

92 506 126 554 95
144 503 192 552 Vel
203 519 259 552 cum
269 502 392 551 Pausiaca
402 508 494 566 torpes,
506 500 601 560 insane,
613 501 715 561 tabella,
902 503 943 541 tor.
956 500 981 540 Ε·
992 502 1011 540 2.
1022 501 1040 540 1.
1050 501 1082 540 9⁷·

144 585 194 642 Qui
205 602 292 650 peccas
304 585 386 634 minus
398 590 472 649 etque
483 600 535 648 ego,
547 601 604 633 cum
615 583 689 633 Fulvi
701 584 856 649 Rutubaeque

143 670 197 717 Aut
207 667 351 717 Pacideiani
363 673 479 716 contento
490 666 585 731 poplite
596 666 674 717 miror
718 699 720 704 κ

144 746 238 796 Proelia
249 746 348 795 rubrica
358 745 426 811 picta
436 752 482 794 aut
492 746 606 805 carbone,
617 747 689 795 velut
699 745 721 795 si

144 827 182 878 Re
193 845 253 878 vora
264 835 383 893 pugnent,
395 827 488 877 feriant
497 827 625 893 vitentque
637 835 764 878 moventes

78 914 127 961 100
144 911 223 960 Arma
233 909 301 960 riri?
335 910 448 975 Nequam
459 916 485 959 et
495 917 604 960 cessator
614 911 717 973 Darus;
734 920 762 961 at
773 913 826 978 ipse
903 930 941 960 cer.
954 919 979 960 Ε.
989 921 1037 959 aa.
1047 920 1079 959 14.

145 993 251 1043 Subtilis
262 999 374 1042 veterum
381 990 460 1058 judex
471 999 497 1043 et
508 992 612 1043 callidus
624 994 705 1045 audis.
903 1010 943 1049 cal.
956 1008 1076 1049 111123.

144 1075 189 1124 Nil
200 1091 253 1140 ego,
266 1075 287 1125 si
300 1075 375 1124 ducor
385 1074 438 1124 libo
449 1076 574 1125 fumante:
591 1075 640 1126 tibi
652 1077 740 1141 ingone

143 1158 231 1207 Virtus
243 1165 317 1223 atque
329 1158 427 1208 animus
438 1158 506 1208 cenis
518 1165 652 1224 responsat
662 1160 771 1225 opimis?

146 1241 298 1306 Obsequium
309 1241 405 1291 ventris
416 1241 479 1290 mihi
490 1241 653 1306 perniciosius
665 1249 705 1293 est
715 1246 778 1295 our?

79 1328 127 1376 105
145 1325 224 1389 Tergo
235 1324 415 1389 plectomenim.
449 1324 498 1381 Qui
510 1332 538 1374 tu
549 1324 696 1390 impunitior
706 1325 759 1386 illa,

146 1408 207 1464 Quae
217 1424 296 1473 parvo
307 1407 371 1457 sumi
383 1415 514 1472 nequeunt,
526 1407 631 1458 obsonia
641 1409 745 1473 captas?

145 1491 240 1556 Nempe
252 1491 437 1541 inamarescunt
447 1492 526 1556 epulae
537 1491 591 1541 sine
602 1493 653 1541 fine
664 1491 756 1557 petitae,
904 1515 947 1556 κη.
961 1504 981 1544 s.
992 1506 1011 1544 2.
1018 1506 1039 1545 2.
1047 1506 1079 1545 75.

145 1574 266 1639 lllueique
277 1574 352 1639 pedes
363 1573 482 1624 uitiosum
493 1575 558 1624 ferre
569 1582 686 1624 recusent
875 1594 880 1603 ’
902 1594 937 1633 vit.
950 1593 972 1634 s,
981 1595 1001 1634 2.
1010 1596 1030 1634 2.
1039 1595 1071 1635 21.

146 1658 248 1722 Corpus.
282 1658 322 1706 An
334 1657 374 1707 hic
384 1663 475 1722 peccat,
489 1659 535 1706 sub
547 1665 644 1707 noctem
655 1657 697 1722 qui
709 1675 770 1723 puer
780 1675 855 1709 uvam

78 1743 127 1789 110
145 1739 249 1789 Furtira
259 1745 342 1788 mutat
352 1739 464 1803 strigili?
481 1738 523 1803 qui
535 1739 629 1805 praedia
639 1740 732 1800 vendit,

144 1822 188 1871 Nil
197 1822 287 1872 servile
298 1822 363 1886 gulae
373 1839 463 1886 parens
474 1822 570 1872 habet?
603 1821 682 1882 Adde,
694 1823 759 1887 quod
770 1823 836 1874 idem
900 1850 944 1899 W·
958 1849 983 1889 E,
993 1851 1012 1890 1.
1022 1851 1041 1890 6,
1050 1852 1082 1891 57.

144 1904 200 1954 Non
211 1903 298 1954 horam
309 1911 389 1954 tecum
401 1921 454 1953 esse
466 1910 543 1968 potes,
556 1921 605 1954 non
617 1905 669 1954 otia
679 1913 745 1955 recte

143 1982 245 2043 Ponere,
257 1990 329 2048 teque
340 1983 423 2048 ipsum
434 1982 500 2033 vitas
512 1983 633 2047 fugitivus
645 1990 671 2032 et
681 2001 743 2043 erro,
903 1991 947 2057 ω,
960 2007 984 2048 ᾳ,
994 2010 1013 2049 2
1024 2009 1055 2049 16.
1065 2010 1097 2050 2⁰.

144 2066 161 2115 J
161 2082 201 2115 am
211 2066 272 2116 vino
283 2082 402 2130 qnaerens,
410 2064 465 2131 jam
477 2082 563 2114 somno
574 2066 663 2115 fallere
676 2083 776 2126 curam;
902 2094 946 2133 ¹¹4·
959 2085 980 2125 s,
990 2087 1009 2125 2.
1018 2087 1038 2126 6.
1047 2087 1080 2130 61.

75 2150 125 2198 115
143 2147 257 2197 Frustra:
271 2165 329 2197 nam
336 2165 416 2198 comes
424 2156 480 2198 atre
487 2148 579 2212 premit
587 2148 746 2213 sequiturque
755 2151 873 2214 fugacem.
901 2177 945 2218 ¹¹5·
959 2166 1082 2210 0.3.1.40.

144 2229 216 2280 Unde
224 2230 286 2279 mihi
296 2229 425 2295 lapidem?
453 2232 577 2286 Quorsum
586 2237 625 2280 est
636 2233 717 2297 opus?
750 2233 824 2283 Unde
835 2251 874 2285 sa-

240 2313 336 2377 gittas?
647 2355 649 2361 ,
913 2353 924 2360 „
994 2365 1000 2382 ⁸
1092 2351 1116 2372 N

145 2397 195 2445 Aut
205 2395 301 2445 insanit
311 2396 385 2445 hemo
396 2402 441 2446 aut
451 2413 539 2446 versus
550 2396 618 2447 facit.
654 2396 729 2447 Ocius
740 2397 798 2449 hinc
844 2411 854 2426 ”
870 2383 878 2393 ”
899 2365 971 2455 llll
985 2367 1026 2437 dl
1059 2389 1066 2444 i
1082 2401 1092 2465 j
1140 2443 1146 2468 J
1165 2437 1168 2440 e

145 2477 177 2527 Ni
189 2479 266 2543 rapis,
279 2478 378 2528 accedes
390 2495 464 2544 opera
475 2495 535 2543 agro
547 2496 612 2530 noua
625 2479 724 2531 Sabino.
