<?xml version="1.0" encoding="UTF-8"?>
<!DOCTYPE html PUBLIC "-//W3C//DTD XHTML 1.0 Transitional//EN"
    "http://www.w3.org/TR/xhtml1/DTD/xhtml1-transitional.dtd">
<html xmlns="http://www.w3.org/1999/xhtml" xml:lang="en" lang="en">
 <head>
  <title>
</title>
<meta http-equiv="Content-Type" content="text/html;charset=utf-8" />
  <meta name='ocr-system' content='tesseract 3.04.00' />
  <meta name='ocr-capabilities' content='ocr_page ocr_carea ocr_par ocr_line ocrx_word'/>
</head>
<body>
  <div class='ocr_page' id='page_1' title='image "./horace00yonggoog_0179.png"; bbox 0 0 2475 3284; ppageno 0'>
   <div class='ocr_carea' id='block_1_1' title="bbox 324 244 698 296">
    <p class='ocr_par' dir='ltr' id='par_1_1' title="bbox 324 244 698 296">
     <span class='ocr_line' id='line_1_1' title="bbox 324 244 698 296; baseline -0.005 0"><span class='ocrx_word' id='word_1_1' title='bbox 324 244 534 296; x_wconf 66' lang='lat' dir='ltr'><em>SATIRARUM</em></span> <span class='ocrx_word' id='word_1_2' title='bbox 551 244 619 295; x_wconf 86' lang='lat' dir='ltr'><strong><em>LIB.</em></strong></span> <span class='ocrx_word' id='word_1_3' title='bbox 642 244 698 295; x_wconf 82' lang='lat' dir='ltr'><strong>Li.</strong></span> 
     </span>
    </p>
   </div>
   <div class='ocr_carea' id='block_1_2' title="bbox 105 375 890 2682">
    <p class='ocr_par' dir='ltr' id='par_1_2' title="bbox 105 375 890 2682">
     <span class='ocr_line' id='line_1_2' title="bbox 157 375 799 442; baseline -0.002 -14"><span class='ocrx_word' id='word_1_4' title='bbox 157 377 225 436; x_wconf 87' lang='lat' dir='ltr'><strong>Quid</strong></span> <span class='ocrx_word' id='word_1_5' title='bbox 236 377 310 427; x_wconf 81' lang='lat' dir='ltr'><strong>stetis</strong></span> <span class='ocrx_word' id='word_1_6' title='bbox 318 378 453 428; x_wconf 74' lang='lat' dir='ltr'><strong>l-noliut,</strong></span> <span class='ocrx_word' id='word_1_7' title='bbox 486 377 564 442; x_wconf 80' lang='lat' dir='ltr'>Atqui</span> <span class='ocrx_word' id='word_1_8' title='bbox 576 377 635 428; x_wconf 83' lang='lat' dir='ltr'><strong>lieet</strong></span> <span class='ocrx_word' id='word_1_9' title='bbox 646 394 699 427; x_wconf 85' lang='lat' dir='ltr'><strong>esee</strong></span> <span class='ocrx_word' id='word_1_10' title='bbox 711 375 799 427; x_wconf 81' lang='lat' dir='ltr'><strong>beatis.</strong></span> 
     </span>
     <span class='ocr_line' id='line_1_3' title="bbox 108 460 820 525; baseline -0.001 -15"><span class='ocrx_word' id='word_1_11' title='bbox 108 464 139 510; x_wconf 82' lang='lat'><strong>20</strong></span> <span class='ocrx_word' id='word_1_12' title='bbox 156 461 224 517; x_wconf 89' lang='lat' dir='ltr'><strong>Quid</strong></span> <span class='ocrx_word' id='word_1_13' title='bbox 233 477 315 511; x_wconf 81' lang='lat' dir='ltr'><strong>eeusee</strong></span> <span class='ocrx_word' id='word_1_14' title='bbox 326 467 372 521; x_wconf 76' lang='lat' dir='ltr'><strong>eet,</strong></span> <span class='ocrx_word' id='word_1_15' title='bbox 383 460 474 510; x_wconf 90' lang='lat' dir='ltr'><strong>merito</strong></span> <span class='ocrx_word' id='word_1_16' title='bbox 485 461 545 525; x_wconf 89' lang='lat' dir='ltr'><strong>quin</strong></span> <span class='ocrx_word' id='word_1_17' title='bbox 556 461 610 510; x_wconf 83' lang='lat' dir='ltr'><strong>illis</strong></span> <span class='ocrx_word' id='word_1_18' title='bbox 622 461 722 525; x_wconf 83' lang='lat' dir='ltr'><strong>Jupiter</strong></span> <span class='ocrx_word' id='word_1_19' title='bbox 733 462 820 510; x_wconf 74' lang='lat' dir='ltr'><strong>ambae</strong></span> 
     </span>
     <span class='ocr_line' id='line_1_4' title="bbox 155 545 734 615; baseline -0.003 -20"><span class='ocrx_word' id='word_1_20' title='bbox 155 546 241 615; x_wconf 68' lang='lat' dir='ltr'><strong>iratus</strong></span> <span class='ocrx_word' id='word_1_21' title='bbox 252 547 342 596; x_wconf 75' lang='lat' dir='ltr'><strong>buccae</strong></span> <span class='ocrx_word' id='word_1_22' title='bbox 354 545 426 594; x_wconf 85' lang='lat' dir='ltr'><strong>inflet</strong></span> <span class='ocrx_word' id='word_1_23' title='bbox 436 560 515 609; x_wconf 89' lang='lat' dir='ltr'><strong>neque</strong></span> <span class='ocrx_word' id='word_1_24' title='bbox 526 561 553 593; x_wconf 82' lang='lat' dir='ltr'><strong>ee</strong></span> <span class='ocrx_word' id='word_1_25' title='bbox 564 546 618 593; x_wconf 84' lang='lat' dir='ltr'><strong>fore</strong></span> <span class='ocrx_word' id='word_1_26' title='bbox 629 545 734 608; x_wconf 80' lang='lat' dir='ltr'><strong>posthae</strong></span> 
     </span>
     <span class='ocr_line' id='line_1_5' title="bbox 157 627 768 692; baseline 0 -15"><span class='ocrx_word' id='word_1_27' title='bbox 157 629 220 677; x_wconf 84' lang='lat' dir='ltr'><strong>Tem</strong></span> <span class='ocrx_word' id='word_1_28' title='bbox 231 628 331 678; x_wconf 78' lang='lat' dir='ltr'><strong>facilem</strong></span> <span class='ocrx_word' id='word_1_29' title='bbox 341 627 417 688; x_wconf 77' lang='lat' dir='ltr'><strong>dicet,</strong></span> <span class='ocrx_word' id='word_1_30' title='bbox 425 627 492 677; x_wconf 82' lang='lat' dir='ltr'><strong>votis</strong></span> <span class='ocrx_word' id='word_1_31' title='bbox 503 634 532 676; x_wconf 93' lang='grc' dir='ltr'><strong>ιιι</strong></span> <span class='ocrx_word' id='word_1_32' title='bbox 542 628 654 692; x_wconf 83' lang='lat' dir='ltr'><strong>praebeet</strong></span> <span class='ocrx_word' id='word_1_33' title='bbox 664 629 768 677; x_wconf 80' lang='lat' dir='ltr'><strong>eurem?</strong></span> 
     </span>
     <span class='ocr_line' id='line_1_6' title="bbox 156 707 875 774; baseline -0.004 -14"><span class='ocrx_word' id='word_1_34' title='bbox 156 710 288 770; x_wconf 71' lang='lat' dir='ltr'><strong>Praetereo,</strong></span> <span class='ocrx_word' id='word_1_35' title='bbox 300 727 331 760; x_wconf 89' lang='lat' dir='ltr'><strong>ne</strong></span> <span class='ocrx_word' id='word_1_36' title='bbox 343 710 386 770; x_wconf 84' lang='lat' dir='ltr'><strong>eie,</strong></span> <span class='ocrx_word' id='word_1_37' title='bbox 397 715 427 758; x_wconf 88' lang='lat' dir='ltr'><strong>ut</strong></span> <span class='ocrx_word' id='word_1_38' title='bbox 437 710 480 774; x_wconf 86' lang='lat' dir='ltr'><strong>qui</strong></span> <span class='ocrx_word' id='word_1_39' title='bbox 488 707 619 774; x_wconf 76' lang='lat' dir='ltr'><strong>joculario,</strong></span> <span class='ocrx_word' id='word_1_40' title='bbox 631 709 716 758; x_wconf 80' lang='lat' dir='ltr'><strong>ridens</strong></span> <span class='ocrx_word' id='word_1_41' title='bbox 869 764 875 769; x_wconf 52' lang='grc'><strong><em>,</em></strong></span> 
     </span>
     <span class='ocr_line' id='line_1_7' title="bbox 156 776 859 858; baseline -0.003 -16"><span class='ocrx_word' id='word_1_42' title='bbox 156 792 493 858; x_wconf 69' lang='lat' dir='ltr'><strong>Perennem—quemquem</strong></span> <span class='ocrx_word' id='word_1_43' title='bbox 503 781 626 841; x_wconf 79' lang='lat' dir='ltr'><strong>ridentem</strong></span> <span class='ocrx_word' id='word_1_44' title='bbox 637 791 718 841; x_wconf 86' lang='lat' dir='ltr'><strong>dioere</strong></span> <span class='ocrx_word' id='word_1_45' title='bbox 729 804 816 841; x_wconf 87' lang='lat' dir='ltr'><strong>verum</strong></span> <span class='ocrx_word' id='word_1_46' title='bbox 824 786 844 799; x_wconf 62' lang='lat'><strong>‘⁷</strong></span> <span class='ocrx_word' id='word_1_47' title='bbox 855 776 859 779; x_wconf 32' lang='lat'>¹</span> 
     </span>
     <span class='ocr_line' id='line_1_8' title="bbox 108 873 831 939; baseline -0.003 -15"><span class='ocrx_word' id='word_1_48' title='bbox 108 879 141 926; x_wconf 81' lang='lat'><strong>25</strong></span> <span class='ocrx_word' id='word_1_49' title='bbox 157 875 226 932; x_wconf 86' lang='lat' dir='ltr'><strong>Quid</strong></span> <span class='ocrx_word' id='word_1_50' title='bbox 235 877 323 925; x_wconf 81' lang='lat' dir='ltr'><strong>vetut?</strong></span> <span class='ocrx_word' id='word_1_51' title='bbox 340 881 370 924; x_wconf 92' lang='lat' dir='ltr'><strong>ut</strong></span> <span class='ocrx_word' id='word_1_52' title='bbox 380 875 464 939; x_wconf 83' lang='lat' dir='ltr'><strong>pueris</strong></span> <span class='ocrx_word' id='word_1_53' title='bbox 476 874 538 924; x_wconf 89' lang='lat' dir='ltr'><strong>olim</strong></span> <span class='ocrx_word' id='word_1_54' title='bbox 548 875 611 924; x_wconf 87' lang='lat' dir='ltr'><strong>dent</strong></span> <span class='ocrx_word' id='word_1_55' title='bbox 622 875 734 924; x_wconf 80' lang='lat' dir='ltr'><strong>crustulo</strong></span> <span class='ocrx_word' id='word_1_56' title='bbox 744 873 831 923; x_wconf 75' lang='lat' dir='ltr'><strong>blandi</strong></span> 
     </span>
     <span class='ocr_line' id='line_1_9' title="bbox 158 956 800 1021; baseline -0.005 -13"><span class='ocrx_word' id='word_1_57' title='bbox 158 959 285 1017; x_wconf 73' lang='lat' dir='ltr'>Doctores,</span> <span class='ocrx_word' id='word_1_58' title='bbox 297 959 420 1007; x_wconf 78' lang='lat' dir='ltr'><strong>elemento</strong></span> <span class='ocrx_word' id='word_1_59' title='bbox 430 957 511 1007; x_wconf 81' lang='lat' dir='ltr'><strong>velint</strong></span> <span class='ocrx_word' id='word_1_60' title='bbox 522 963 551 1006; x_wconf 92' lang='grc' dir='ltr'><strong>ιιι</strong></span> <span class='ocrx_word' id='word_1_61' title='bbox 561 956 656 1006; x_wconf 79' lang='lat' dir='ltr'><strong>discere</strong></span> <span class='ocrx_word' id='word_1_62' title='bbox 668 956 750 1021; x_wconf 77' lang='lat' dir='ltr'><strong>prime</strong></span> <span class='ocrx_word' id='word_1_63' title='bbox 758 974 800 1018; x_wconf 78' lang='lat'><strong>3-</strong></span> 
     </span>
     <span class='ocr_line' id='line_1_10' title="bbox 158 1039 701 1104; baseline -0.006 -13"><span class='ocrx_word' id='word_1_64' title='bbox 158 1040 207 1091; x_wconf 83' lang='lat' dir='ltr'><strong>Sed</strong></span> <span class='ocrx_word' id='word_1_65' title='bbox 217 1047 301 1090; x_wconf 80' lang='lat' dir='ltr'><strong>temen</strong></span> <span class='ocrx_word' id='word_1_66' title='bbox 313 1046 395 1090; x_wconf 87' lang='lat' dir='ltr'><strong>emoto</strong></span> <span class='ocrx_word' id='word_1_67' title='bbox 406 1056 545 1104; x_wconf 72' lang='lat' dir='ltr'><strong>quaeramus</strong></span> <span class='ocrx_word' id='word_1_68' title='bbox 557 1039 623 1089; x_wconf 81' lang='lat' dir='ltr'><strong>serie</strong></span> <span class='ocrx_word' id='word_1_69' title='bbox 634 1039 701 1089; x_wconf 90' lang='lat' dir='ltr'><strong>ludo.</strong></span> 
     </span>
     <span class='ocr_line' id='line_1_11' title="bbox 157 1118 739 1187; baseline -0.002 -14"><span class='ocrx_word' id='word_1_70' title='bbox 157 1122 205 1174; x_wconf 87' lang='lat' dir='ltr'><strong>Ille</strong></span> <span class='ocrx_word' id='word_1_71' title='bbox 216 1139 319 1187; x_wconf 77' lang='lat' dir='ltr'><strong>gravem</strong></span> <span class='ocrx_word' id='word_1_72' title='bbox 329 1122 392 1172; x_wconf 81' lang='lat' dir='ltr'><strong>duro</strong></span> <span class='ocrx_word' id='word_1_73' title='bbox 403 1129 496 1172; x_wconf 78' lang='lat' dir='ltr'><strong>terrem</strong></span> <span class='ocrx_word' id='word_1_74' title='bbox 506 1122 549 1187; x_wconf 89' lang='lat' dir='ltr'><strong>qui</strong></span> <span class='ocrx_word' id='word_1_75' title='bbox 560 1118 638 1172; x_wconf 78' lang='lat' dir='ltr'><strong>vertit</strong></span> <span class='ocrx_word' id='word_1_76' title='bbox 648 1129 739 1181; x_wconf 78' lang='lat' dir='ltr'><strong>aretio,</strong></span> 
     </span>
     <span class='ocr_line' id='line_1_12' title="bbox 158 1205 785 1270; baseline 0 -16"><span class='ocrx_word' id='word_1_77' title='bbox 158 1205 271 1256; x_wconf 83' lang='lat' dir='ltr'><strong>Perfidus</strong></span> <span class='ocrx_word' id='word_1_78' title='bbox 282 1205 324 1255; x_wconf 85' lang='lat' dir='ltr'><strong>hio</strong></span> <span class='ocrx_word' id='word_1_79' title='bbox 334 1222 419 1270; x_wconf 83' lang='lat' dir='ltr'><strong>eeupo,</strong></span> <span class='ocrx_word' id='word_1_80' title='bbox 431 1205 504 1254; x_wconf 81' lang='lat' dir='ltr'><strong>miles</strong></span> <span class='ocrx_word' id='word_1_81' title='bbox 516 1212 646 1270; x_wconf 84' lang='lat' dir='ltr'><strong>neuteeque</strong></span> <span class='ocrx_word' id='word_1_82' title='bbox 656 1222 702 1269; x_wconf 90' lang='lat' dir='ltr'><strong>per</strong></span> <span class='ocrx_word' id='word_1_83' title='bbox 712 1218 785 1255; x_wconf 87' lang='lat' dir='ltr'><strong>omne</strong></span> 
     </span>
     <span class='ocr_line' id='line_1_13' title="bbox 110 1287 801 1353; baseline 0 -15"><span class='ocrx_word' id='word_1_84' title='bbox 110 1293 141 1338; x_wconf 82' lang='lat'><strong>30</strong></span> <span class='ocrx_word' id='word_1_85' title='bbox 157 1289 270 1338; x_wconf 74' lang='lat' dir='ltr'><strong>Audurus</strong></span> <span class='ocrx_word' id='word_1_86' title='bbox 281 1305 350 1339; x_wconf 85' lang='lat' dir='ltr'><strong>mare</strong></span> <span class='ocrx_word' id='word_1_87' title='bbox 361 1287 404 1353; x_wconf 87' lang='lat' dir='ltr'><strong>qui</strong></span> <span class='ocrx_word' id='word_1_88' title='bbox 415 1294 525 1347; x_wconf 87' lang='lat' dir='ltr'><strong>currunt,</strong></span> <span class='ocrx_word' id='word_1_89' title='bbox 537 1289 585 1337; x_wconf 85' lang='lat' dir='ltr'><strong>hee</strong></span> <span class='ocrx_word' id='word_1_90' title='bbox 595 1294 678 1337; x_wconf 84' lang='lat' dir='ltr'><strong>mente</strong></span> <span class='ocrx_word' id='word_1_91' title='bbox 690 1289 801 1338; x_wconf 73' lang='lat' dir='ltr'><strong>laborem</strong></span> 
     </span>
     <span class='ocr_line' id='line_1_14' title="bbox 158 1370 726 1432; baseline -0.005 -10"><span class='ocrx_word' id='word_1_92' title='bbox 158 1374 215 1422; x_wconf 79' lang='lat' dir='ltr'><strong>Seue</strong></span> <span class='ocrx_word' id='word_1_93' title='bbox 227 1373 299 1432; x_wconf 82' lang='lat' dir='ltr'><strong>ferre,</strong></span> <span class='ocrx_word' id='word_1_94' title='bbox 312 1388 383 1421; x_wconf 80' lang='lat' dir='ltr'><strong>senes</strong></span> <span class='ocrx_word' id='word_1_95' title='bbox 394 1378 423 1420; x_wconf 90' lang='lat' dir='ltr'><strong>ut</strong></span> <span class='ocrx_word' id='word_1_96' title='bbox 434 1371 461 1420; x_wconf 87' lang='lat' dir='ltr'><strong>in</strong></span> <span class='ocrx_word' id='word_1_97' title='bbox 473 1371 525 1420; x_wconf 82' lang='lat' dir='ltr'><strong>otio</strong></span> <span class='ocrx_word' id='word_1_98' title='bbox 535 1377 591 1419; x_wconf 78' lang='lat' dir='ltr'><strong>tute</strong></span> <span class='ocrx_word' id='word_1_99' title='bbox 601 1370 726 1430; x_wconf 72' lang='lat' dir='ltr'>recedant,</span> 
     </span>
     <span class='ocr_line' id='line_1_15' title="bbox 157 1452 768 1517; baseline -0.005 -12"><span class='ocrx_word' id='word_1_100' title='bbox 157 1455 244 1515; x_wconf 88' lang='lat' dir='ltr'><strong>Aiunt,</strong></span> <span class='ocrx_word' id='word_1_101' title='bbox 256 1471 312 1504; x_wconf 85' lang='lat' dir='ltr'><strong>eum</strong></span> <span class='ocrx_word' id='word_1_102' title='bbox 323 1454 372 1504; x_wconf 82' lang='lat' dir='ltr'><strong>eibi</strong></span> <span class='ocrx_word' id='word_1_103' title='bbox 385 1454 437 1503; x_wconf 79' lang='lat' dir='ltr'><strong>sint</strong></span> <span class='ocrx_word' id='word_1_104' title='bbox 447 1460 564 1517; x_wconf 75' lang='lat' dir='ltr'><strong>congesta</strong></span> <span class='ocrx_word' id='word_1_105' title='bbox 575 1452 684 1512; x_wconf 82' lang='lat' dir='ltr'><strong>eiberie;</strong></span> <span class='ocrx_word' id='word_1_106' title='bbox 703 1453 768 1502; x_wconf 79' lang='lat' dir='ltr'><strong>sieut</strong></span> 
     </span>
     <span class='ocr_line' id='line_1_16' title="bbox 157 1535 843 1619; baseline -0.001 -33"><span class='ocrx_word' id='word_1_107' title='bbox 157 1538 275 1597; x_wconf 73' lang='lat' dir='ltr'><strong>Pervule,</strong></span> <span class='ocrx_word' id='word_1_108' title='bbox 286 1553 345 1586; x_wconf 82' lang='lat' dir='ltr'><strong>nem</strong></span> <span class='ocrx_word' id='word_1_109' title='bbox 356 1537 468 1601; x_wconf 87' lang='lat' dir='ltr'><strong>exemplo</strong></span> <span class='ocrx_word' id='word_1_110' title='bbox 480 1544 525 1619; x_wconf 60' lang='lat' dir='ltr'><strong>eet,</strong></span> <span class='ocrx_word' id='word_1_111' title='bbox 538 1536 623 1600; x_wconf 82' lang='lat' dir='ltr'><strong>magni</strong></span> <span class='ocrx_word' id='word_1_112' title='bbox 635 1536 738 1585; x_wconf 78' lang='lat' dir='ltr'><strong>formica</strong></span> <span class='ocrx_word' id='word_1_113' title='bbox 748 1535 843 1585; x_wconf 80' lang='lat' dir='ltr'><strong>laboris</strong></span> 
     </span>
     <span class='ocr_line' id='line_1_17' title="bbox 158 1618 835 1684; baseline -0.003 -13"><span class='ocrx_word' id='word_1_114' title='bbox 158 1621 207 1671; x_wconf 86' lang='lat' dir='ltr'><strong>Ore</strong></span> <span class='ocrx_word' id='word_1_115' title='bbox 218 1620 298 1670; x_wconf 86' lang='lat' dir='ltr'><strong>trahit</strong></span> <span class='ocrx_word' id='word_1_116' title='bbox 308 1620 475 1684; x_wconf 83' lang='lat' dir='ltr'><strong>quodcumque</strong></span> <span class='ocrx_word' id='word_1_117' title='bbox 487 1625 570 1684; x_wconf 78' lang='lat' dir='ltr'><strong>potest</strong></span> <span class='ocrx_word' id='word_1_118' title='bbox 580 1625 655 1684; x_wconf 85' lang='lat' dir='ltr'><strong>etque</strong></span> <span class='ocrx_word' id='word_1_119' title='bbox 666 1618 737 1668; x_wconf 84' lang='lat' dir='ltr'><strong>addit</strong></span> <span class='ocrx_word' id='word_1_120' title='bbox 747 1635 835 1669; x_wconf 77' lang='lat' dir='ltr'><strong>acervo</strong></span> 
     </span>
     <span class='ocr_line' id='line_1_18' title="bbox 110 1701 823 1767; baseline -0.006 -12"><span class='ocrx_word' id='word_1_121' title='bbox 110 1709 141 1757; x_wconf 81' lang='lat'><strong>35</strong></span> <span class='ocrx_word' id='word_1_122' title='bbox 158 1705 238 1761; x_wconf 82' lang='lat' dir='ltr'><strong>Quem</strong></span> <span class='ocrx_word' id='word_1_123' title='bbox 249 1704 332 1763; x_wconf 85' lang='lat' dir='ltr'><strong>struit,</strong></span> <span class='ocrx_word' id='word_1_124' title='bbox 343 1703 412 1752; x_wconf 83' lang='lat' dir='ltr'><strong>haud</strong></span> <span class='ocrx_word' id='word_1_125' title='bbox 422 1703 510 1767; x_wconf 81' lang='lat' dir='ltr'><strong>ignara</strong></span> <span class='ocrx_word' id='word_1_126' title='bbox 521 1719 550 1752; x_wconf 87' lang='lat' dir='ltr'><strong>ue</strong></span> <span class='ocrx_word' id='word_1_127' title='bbox 562 1718 611 1751; x_wconf 91' lang='lat' dir='ltr'><strong>non</strong></span> <span class='ocrx_word' id='word_1_128' title='bbox 623 1702 724 1751; x_wconf 77' lang='lat' dir='ltr'><strong>incaute</strong></span> <span class='ocrx_word' id='word_1_129' title='bbox 736 1701 823 1765; x_wconf 81' lang='lat' dir='ltr'><strong>futuri.</strong></span> 
     </span>
     <span class='ocr_line' id='line_1_19' title="bbox 158 1784 841 1849; baseline -0.004 -13"><span class='ocrx_word' id='word_1_130' title='bbox 158 1788 226 1847; x_wconf 83' lang='lat' dir='ltr'><strong>Quae,</strong></span> <span class='ocrx_word' id='word_1_131' title='bbox 239 1787 314 1836; x_wconf 78' lang='lat' dir='ltr'><strong>simul</strong></span> <span class='ocrx_word' id='word_1_132' title='bbox 325 1787 452 1835; x_wconf 79' lang='lat' dir='ltr'><strong>inversum</strong></span> <span class='ocrx_word' id='word_1_133' title='bbox 462 1786 594 1835; x_wconf 80' lang='lat' dir='ltr'><strong>contristet</strong></span> <span class='ocrx_word' id='word_1_134' title='bbox 604 1784 729 1849; x_wconf 80' lang='lat' dir='ltr'><strong>Aquarius</strong></span> <span class='ocrx_word' id='word_1_135' title='bbox 741 1800 841 1844; x_wconf 82' lang='lat' dir='ltr'><strong>annum,</strong></span> 
     </span>
     <span class='ocr_line' id='line_1_20' title="bbox 157 1868 711 1935; baseline -0.005 -15"><span class='ocrx_word' id='word_1_136' title='bbox 157 1871 215 1920; x_wconf 88' lang='lat' dir='ltr'><strong>Non</strong></span> <span class='ocrx_word' id='word_1_137' title='bbox 225 1886 330 1935; x_wconf 84' lang='lat' dir='ltr'><strong>uequem</strong></span> <span class='ocrx_word' id='word_1_138' title='bbox 341 1869 452 1934; x_wconf 78' lang='lat' dir='ltr'><strong>prorepit</strong></span> <span class='ocrx_word' id='word_1_139' title='bbox 463 1875 488 1918; x_wconf 88' lang='lat' dir='ltr'><strong>et</strong></span> <span class='ocrx_word' id='word_1_140' title='bbox 499 1868 551 1918; x_wconf 86' lang='lat' dir='ltr'><strong>illie</strong></span> <span class='ocrx_word' id='word_1_141' title='bbox 562 1869 642 1917; x_wconf 88' lang='lat' dir='ltr'><strong>utitur</strong></span> <span class='ocrx_word' id='word_1_142' title='bbox 653 1875 711 1917; x_wconf 85' lang='lat' dir='ltr'><strong>ente</strong></span> 
     </span>
     <span class='ocr_line' id='line_1_21' title="bbox 157 1951 798 2017; baseline -0.005 -15"><span class='ocrx_word' id='word_1_143' title='bbox 157 1952 274 2010; x_wconf 80' lang='lat' dir='ltr'><strong>Quaeeitis</strong></span> <span class='ocrx_word' id='word_1_144' title='bbox 286 1952 394 2017; x_wconf 81' lang='lat' dir='ltr'><strong>sapiens,</strong></span> <span class='ocrx_word' id='word_1_145' title='bbox 406 1969 462 2002; x_wconf 85' lang='lat' dir='ltr'><strong>eum</strong></span> <span class='ocrx_word' id='word_1_146' title='bbox 472 1958 497 2001; x_wconf 89' lang='lat' dir='ltr'><strong>te</strong></span> <span class='ocrx_word' id='word_1_147' title='bbox 510 1967 588 2016; x_wconf 88' lang='lat' dir='ltr'><strong>neque</strong></span> <span class='ocrx_word' id='word_1_148' title='bbox 599 1951 710 2000; x_wconf 81' lang='lat' dir='ltr'><strong>fervidus</strong></span> <span class='ocrx_word' id='word_1_149' title='bbox 721 1956 798 2000; x_wconf 70' lang='lat' dir='ltr'><strong>{estus</strong></span> 
     </span>
     <span class='ocr_line' id='line_1_22' title="bbox 157 2033 867 2100; baseline -0.006 -14"><span class='ocrx_word' id='word_1_150' title='bbox 157 2037 295 2086; x_wconf 80' lang='lat' dir='ltr'><strong>Demeveat</strong></span> <span class='ocrx_word' id='word_1_151' title='bbox 305 2037 373 2085; x_wconf 91' lang='lat' dir='ltr'><strong>luero</strong></span> <span class='ocrx_word' id='word_1_152' title='bbox 384 2052 463 2100; x_wconf 88' lang='lat' dir='ltr'><strong>neque</strong></span> <span class='ocrx_word' id='word_1_153' title='bbox 474 2035 579 2098; x_wconf 69' lang='lat' dir='ltr'><strong>hiempS,</strong></span> <span class='ocrx_word' id='word_1_154' title='bbox 591 2033 667 2098; x_wconf 81' lang='lat' dir='ltr'><strong>ignis,</strong></span> <span class='ocrx_word' id='word_1_155' title='bbox 679 2050 755 2093; x_wconf 87' lang='lat' dir='ltr'><strong>mare,</strong></span> <span class='ocrx_word' id='word_1_156' title='bbox 766 2034 867 2094; x_wconf 85' lang='lat' dir='ltr'><strong>ferrum,</strong></span> 
     </span>
     <span class='ocr_line' id='line_1_23' title="bbox 107 2116 731 2178; baseline -0.003 -10"><span class='ocrx_word' id='word_1_157' title='bbox 107 2124 140 2170; x_wconf 86' lang='lat'><strong>40</strong></span> <span class='ocrx_word' id='word_1_158' title='bbox 157 2119 203 2169; x_wconf 86' lang='lat' dir='ltr'><strong>Nil</strong></span> <span class='ocrx_word' id='word_1_159' title='bbox 214 2120 298 2169; x_wconf 82' lang='lat' dir='ltr'><strong>obstet</strong></span> <span class='ocrx_word' id='word_1_160' title='bbox 309 2118 364 2178; x_wconf 90' lang='lat' dir='ltr'><strong>tibi,</strong></span> <span class='ocrx_word' id='word_1_161' title='bbox 376 2118 436 2167; x_wconf 88' lang='lat' dir='ltr'><strong>dum</strong></span> <span class='ocrx_word' id='word_1_162' title='bbox 447 2134 478 2167; x_wconf 88' lang='lat' dir='ltr'><strong>ne</strong></span> <span class='ocrx_word' id='word_1_163' title='bbox 490 2117 560 2167; x_wconf 75' lang='lat' dir='ltr'><strong>sitta</strong></span> <span class='ocrx_word' id='word_1_164' title='bbox 571 2116 649 2166; x_wconf 87' lang='lat' dir='ltr'><strong>ditior</strong></span> <span class='ocrx_word' id='word_1_165' title='bbox 659 2117 731 2166; x_wconf 83' lang='lat' dir='ltr'><strong>ulter.</strong></span> 
     </span>
     <span class='ocr_line' id='line_1_24' title="bbox 156 2194 821 2268; baseline -0.006 -16"><span class='ocrx_word' id='word_1_166' title='bbox 156 2202 224 2259; x_wconf 86' lang='lat' dir='ltr'><strong>Quid</strong></span> <span class='ocrx_word' id='word_1_167' title='bbox 232 2201 305 2268; x_wconf 82' lang='lat' dir='ltr'><strong>juvet</strong></span> <span class='ocrx_word' id='word_1_168' title='bbox 314 2201 464 2252; x_wconf 86' lang='lat' dir='ltr'><strong>immensum</strong></span> <span class='ocrx_word' id='word_1_169' title='bbox 475 2207 500 2250; x_wconf 91' lang='lat' dir='ltr'><strong>te</strong></span> <span class='ocrx_word' id='word_1_170' title='bbox 512 2194 609 2264; x_wconf 81' lang='lat' dir='ltr'><strong>argenti</strong></span> <span class='ocrx_word' id='word_1_171' title='bbox 620 2199 718 2265; x_wconf 79' lang='lat' dir='ltr'><strong>pondus</strong></span> <span class='ocrx_word' id='word_1_172' title='bbox 730 2205 755 2249; x_wconf 89' lang='lat' dir='ltr'><strong>et</strong></span> <span class='ocrx_word' id='word_1_173' title='bbox 765 2199 821 2249; x_wconf 79' lang='lat' dir='ltr'><strong>emi</strong></span> 
     </span>
     <span class='ocr_line' id='line_1_25' title="bbox 156 2283 726 2348; baseline -0.004 -13"><span class='ocrx_word' id='word_1_174' title='bbox 156 2286 256 2336; x_wconf 88' lang='lat' dir='ltr'><strong>Furtim</strong></span> <span class='ocrx_word' id='word_1_175' title='bbox 266 2285 365 2335; x_wconf 80' lang='lat' dir='ltr'><strong>defossa</strong></span> <span class='ocrx_word' id='word_1_176' title='bbox 376 2284 493 2333; x_wconf 91' lang='lat' dir='ltr'><strong>timidum</strong></span> <span class='ocrx_word' id='word_1_177' title='bbox 505 2283 628 2348; x_wconf 86' lang='lat' dir='ltr'><strong>deponere</strong></span> <span class='ocrx_word' id='word_1_178' title='bbox 639 2284 726 2333; x_wconf 76' lang='lat' dir='ltr'><strong>terret</strong></span> 
     </span>
     <span class='ocr_line' id='line_1_26' title="bbox 155 2365 806 2430; baseline -0.006 -12"><span class='ocrx_word' id='word_1_179' title='bbox 155 2368 229 2425; x_wconf 88' lang='lat' dir='ltr'><strong>Quod</strong></span> <span class='ocrx_word' id='word_1_180' title='bbox 240 2368 261 2418; x_wconf 83' lang='lat' dir='ltr'><strong>ei</strong></span> <span class='ocrx_word' id='word_1_181' title='bbox 272 2367 436 2427; x_wconf 78' lang='lat' dir='ltr'><strong>comminues,</strong></span> <span class='ocrx_word' id='word_1_182' title='bbox 447 2367 524 2416; x_wconf 86' lang='lat' dir='ltr'><strong>vilem</strong></span> <span class='ocrx_word' id='word_1_183' title='bbox 534 2366 663 2430; x_wconf 76' lang='lat' dir='ltr'><strong>redigetur</strong></span> <span class='ocrx_word' id='word_1_184' title='bbox 674 2365 706 2414; x_wconf 87' lang='lat' dir='ltr'><strong>ed</strong></span> <span class='ocrx_word' id='word_1_185' title='bbox 717 2378 806 2415; x_wconf 81' lang='lat' dir='ltr'><strong>assem.</strong></span> 
     </span>
     <span class='ocr_line' id='line_1_27' title="bbox 155 2450 890 2516; baseline -0.004 -15"><span class='ocrx_word' id='word_1_186' title='bbox 155 2454 198 2513; x_wconf 88' lang='lat' dir='ltr'><strong>At,</strong></span> <span class='ocrx_word' id='word_1_187' title='bbox 211 2453 237 2501; x_wconf 91' lang='lat' dir='ltr'><strong>ni</strong></span> <span class='ocrx_word' id='word_1_188' title='bbox 248 2452 275 2501; x_wconf 94' lang='lat' dir='ltr'><strong>id</strong></span> <span class='ocrx_word' id='word_1_189' title='bbox 286 2452 322 2512; x_wconf 89' lang='lat' dir='ltr'><strong>fit,</strong></span> <span class='ocrx_word' id='word_1_190' title='bbox 329 2452 393 2516; x_wconf 78' lang='lat' dir='ltr'><strong>quid</strong></span> <span class='ocrx_word' id='word_1_191' title='bbox 404 2451 481 2501; x_wconf 89' lang='lat' dir='ltr'><strong>hebet</strong></span> <span class='ocrx_word' id='word_1_192' title='bbox 492 2450 589 2516; x_wconf 88' lang='lat' dir='ltr'><strong>pulchri</strong></span> <span class='ocrx_word' id='word_1_193' title='bbox 601 2455 758 2500; x_wconf 74' lang='lat' dir='ltr'><strong>constructus</strong></span> <span class='ocrx_word' id='word_1_194' title='bbox 769 2450 890 2500; x_wconf 72' lang='lat' dir='ltr'><strong>aceruus?</strong></span> 
     </span>
     <span class='ocr_line' id='line_1_28' title="bbox 105 2533 712 2592; baseline -0.005 -8"><span class='ocrx_word' id='word_1_195' title='bbox 105 2539 137 2585; x_wconf 84' lang='lat'><strong>45</strong></span> <span class='ocrx_word' id='word_1_196' title='bbox 154 2534 231 2585; x_wconf 75' lang='lat' dir='ltr'><strong>Milia</strong></span> <span class='ocrx_word' id='word_1_197' title='bbox 240 2534 360 2584; x_wconf 84' lang='lat' dir='ltr'><strong>frumenti</strong></span> <span class='ocrx_word' id='word_1_198' title='bbox 371 2542 416 2584; x_wconf 84' lang='lat' dir='ltr'><strong>tue</strong></span> <span class='ocrx_word' id='word_1_199' title='bbox 427 2533 526 2584; x_wconf 77' lang='lat' dir='ltr'><strong>triverit</strong></span> <span class='ocrx_word' id='word_1_200' title='bbox 537 2548 595 2582; x_wconf 85' lang='lat' dir='ltr'><strong>eree</strong></span> <span class='ocrx_word' id='word_1_201' title='bbox 606 2539 712 2592; x_wconf 89' lang='lat' dir='ltr'><strong>eentum,</strong></span> 
     </span>
     <span class='ocr_line' id='line_1_29' title="bbox 155 2613 811 2682; baseline -0.006 -15"><span class='ocrx_word' id='word_1_202' title='bbox 155 2618 213 2668; x_wconf 88' lang='lat' dir='ltr'><strong>Non</strong></span> <span class='ocrx_word' id='word_1_203' title='bbox 224 2623 282 2667; x_wconf 81' lang='lat' dir='ltr'><strong>tuus</strong></span> <span class='ocrx_word' id='word_1_204' title='bbox 293 2617 340 2668; x_wconf 84' lang='lat' dir='ltr'><strong>hoe</strong></span> <span class='ocrx_word' id='word_1_205' title='bbox 350 2617 432 2682; x_wconf 78' lang='lat' dir='ltr'><strong>capiet</strong></span> <span class='ocrx_word' id='word_1_206' title='bbox 442 2622 530 2666; x_wconf 78' lang='lat' dir='ltr'><strong>venter</strong></span> <span class='ocrx_word' id='word_1_207' title='bbox 539 2617 596 2681; x_wconf 81' lang='lat' dir='ltr'><strong>plue</strong></span> <span class='ocrx_word' id='word_1_208' title='bbox 608 2631 637 2666; x_wconf 86' lang='lat' dir='ltr'><strong>oe</strong></span> <span class='ocrx_word' id='word_1_209' title='bbox 648 2630 731 2665; x_wconf 83' lang='lat' dir='ltr'><strong>moue:</strong></span> <span class='ocrx_word' id='word_1_210' title='bbox 749 2621 779 2664; x_wconf 89' lang='grc' dir='ltr'><strong>ιιι</strong></span> <span class='ocrx_word' id='word_1_211' title='bbox 789 2613 811 2664; x_wconf 86' lang='lat' dir='ltr'><strong>si</strong></span> 
     </span>
    </p>
   </div>
   <div class='ocr_carea' id='block_1_3' title="bbox 189 2760 823 2876">
    <p class='ocr_par' dir='ltr' id='par_1_3' title="bbox 189 2760 823 2876">
     <span class='ocr_line' id='line_1_30' title="bbox 189 2760 804 2809; baseline -0.005 -5"><span class='ocrx_word' id='word_1_212' title='bbox 189 2766 222 2804; x_wconf 79' lang='lat'><strong>19.</strong></span> <span class='ocrx_word' id='word_1_213' title='bbox 231 2764 316 2804; x_wconf 85' lang='lat' dir='ltr'><strong>nolunt.</strong></span> <span class='ocrx_word' id='word_1_214' title='bbox 367 2765 400 2805; x_wconf 77' lang='lat'><strong>20.</strong></span> <span class='ocrx_word' id='word_1_215' title='bbox 415 2764 425 2803; x_wconf 70' lang='lat' dir='ltr'><strong>l</strong></span> <span class='ocrx_word' id='word_1_216' title='bbox 438 2765 537 2804; x_wconf 79' lang='lat' dir='ltr'><strong>ceueaeet.</strong></span> <span class='ocrx_word' id='word_1_217' title='bbox 604 2764 638 2803; x_wconf 72' lang='lat'><strong>8³.</strong></span> <span class='ocrx_word' id='word_1_218' title='bbox 651 2761 663 2801; x_wconf 73' lang='lat' dir='ltr'><strong>l</strong></span> <span class='ocrx_word' id='word_1_219' title='bbox 676 2760 804 2809; x_wconf 72' lang='lat' dir='ltr'><strong>exemplant.</strong></span> 
     </span>
     <span class='ocr_line' id='line_1_31' title="bbox 189 2825 823 2876; baseline -0.006 -8"><span class='ocrx_word' id='word_1_220' title='bbox 189 2830 221 2869; x_wconf 79' lang='lat'><strong>38.</strong></span> <span class='ocrx_word' id='word_1_221' title='bbox 234 2828 325 2876; x_wconf 76' lang='lat' dir='ltr'><strong>patiens.</strong></span> <span class='ocrx_word' id='word_1_222' title='bbox 413 2828 446 2867; x_wconf 80' lang='lat'><strong>³9.</strong></span> <span class='ocrx_word' id='word_1_223' title='bbox 459 2826 574 2866; x_wconf 79' lang='lat' dir='ltr'><strong>dimoveat.</strong></span> <span class='ocrx_word' id='word_1_224' title='bbox 664 2826 689 2864; x_wconf 79' lang='lat'><strong>46</strong></span> <span class='ocrx_word' id='word_1_225' title='bbox 702 2825 823 2873; x_wconf 77' lang='lat' dir='ltr'><strong>plusquam.</strong></span> 
     </span>
    </p>
   </div>
   <div class='ocr_carea' id='block_1_4' title="bbox 0 0 1247 3284">
    <p class='ocr_par' dir='ltr' id='par_1_4' title="bbox 0 0 1247 3284">
     <span class='ocr_line' id='line_1_32' title="bbox 0 0 1247 3284; baseline 0 0"><span class='ocrx_word' id='word_1_226' title='bbox 0 0 1247 3284; x_wconf 95' lang='lat' dir='ltr'><strong> </strong></span> 
     </span>
    </p>
   </div>
  </div>
 </body>
</html>
