2475 3284
141 208 201 267 258
571 201 574 206 ’
598 203 626 266 Q
647 204 784 255 ΗΟΒΑΊῚ
802 203 930 254 FLACOI

143 334 174 376 ¹⁶·
187 333 219 425 ⁰3·
238 336 318 425 {33}
364 338 518 387 Incolumem
528 335 576 387 t1b1
588 353 628 386 me
639 343 762 402 praestant
772 335 959 402 Septembrrbus
971 335 1047 386 horis.

141 447 182 475 ree.
194 437 213 475 E
243 437 302 476 ,ss
303 464 309 475 .
364 420 512 471 Tureote'
488 420 562 480 uvis,
575 419 912 485 sicuresessequodaudis.

141 488 192 526 ‘¹⁴⁶¹'
204 487 230 526 E·
239 488 259 527 1.
268 488 288 528 ⁷
296 486 329 526 ³⁸·
364 505 382 554 J
382 510 492 554 dotamus
500 501 652 569 jampridem
662 502 744 552 omnis
754 510 780 552 te
790 502 871 552 Rome
882 503 998 561 boatum

364 587 413 637 Sed
423 603 517 647 vereor,
530 603 560 636 ne
571 603 611 636 eru
603 586 653 636 de
665 593 690 635 te
701 587 758 651 plus
770 602 844 650 quem
854 585 903 635 tibi
915 585 1009 645 eredas,

140 688 179 728 ali.
192 686 217 726 Ε.
226 686 247 725 2.
257 685 276 726 1.
285 685 331 725 240.
364 670 433 720 Neve
444 676 516 735 putes
528 669 605 719 elium
617 668 729 734 sapiente
740 670 852 733 bonoque
863 669 971 726 beatum,

364 753 427 813 Neu,
440 753 462 802 si
473 759 499 801 te
509 753 615 817 populus
628 768 717 802 sanum
727 759 840 816 reeteque
850 752 975 801 volentem

364 834 476 895 metiret,
488 836 609 885 occultam
620 836 715 884 febrem
727 835 773 884 sub
784 841 882 899 tempus
894 833 982 883 edendi

364 918 522 978 Dissimulet
533 918 611 968 donee
621 917 738 967 manibus
749 923 842 967 tremor
852 916 946 967 incidet
956 914 1047 967 unctis.

364 1001 502 1051 Stultorum
513 1001 627 1051 incurata
638 1000 718 1066 pudor
728 1001 809 1050 malus
821 1002 904 1050 ulcere
914 1000 987 1050 oeiat.

364 1084 390 1134 Si
402 1085 458 1150 quis
469 1085 537 1134 bella
547 1085 594 1135 tibi
605 1091 674 1134 terre
683 1091 795 1150 pugnato
805 1084 916 1149 merique

364 1167 446 1226 Dicet,
458 1166 533 1217 ethis
544 1166 628 1217 verbis
639 1183 731 1217 vacuas
741 1169 893 1232 permulceat
904 1181 991 1215 aures:

364 1250 431 1300 Tene
442 1248 522 1313 magis
534 1249 632 1299 salvum
643 1250 750 1313 populus
761 1249 831 1308 velit,
843 1267 875 1298 sn
886 1249 1005 1314 populum
1017 1254 1053 1307 tu,

364 1333 451 1383 Ser-vet
461 1332 488 1381 in
500 1332 624 1396 ambiguo,
636 1332 679 1397 qui
690 1332 798 1383 consulit
809 1340 835 1381 et
845 1331 892 1382 tibi
905 1339 931 1382 et
942 1331 1006 1390 urbi,

363 1415 381 1464 J
382 1414 495 1479 uppiter;
513 1414 621 1478 Augusti
632 1414 718 1464 leudes
730 1431 862 1482 agnoscere
873 1415 970 1480 possis:

365 1498 427 1547 Cum
437 1495 531 1562 peteris
543 1496 643 1561 sapiens
655 1496 847 1562 emendatusque
857 1497 948 1555 vocari,

364 1580 540 1645 Respondesne
551 1587 603 1639 tuo,
614 1580 654 1629 dio
666 1579 745 1640 sodes,
758 1579 875 1630 nomine?
908 1581 1003 1645 Nempe

364 1662 411 1712 Vir
421 1663 500 1712 bonus
512 1669 538 1712 et
547 1662 657 1727 prudens
668 1662 717 1712 diei
729 1663 838 1712 delector
848 1679 893 1727 ego
904 1680 934 1713 ee
944 1670 981 1712 tu.

364 1744 413 1801 Qui
424 1744 494 1794 dedit
504 1744 549 1794 hoe
559 1744 639 1804 hodie,
651 1761 713 1804 oras,
726 1745 748 1794 si
758 1746 833 1805 volet,
845 1747 948 1804 auferet,
960 1752 989 1795 ut
999 1745 1022 1794 si

262 1878 267 1890 ,
307 1877 314 1889 ,
364 1828 489 1878 Detulorit
500 1829 579 1878 fasces
590 1828 701 1892 indigno,
713 1828 826 1878 detrahet
836 1828 910 1879 idem.

364 1911 439 1970 Pone,
452 1928 533 1960 meum
545 1917 598 1971 est;
615 1911 704 1976 inquit.
738 1912 808 1961 Pono
818 1912 947 1977 tristisque
957 1912 1051 1964 recedo.

364 1994 435 2044 Idem
447 1993 469 2043 si
480 1995 570 2043 elamet
581 1995 668 2053 furem,
681 2000 754 2058 neget
765 2011 819 2044 esse
830 1995 954 2060 pudicum,

366 2076 506 2128 Contendat
515 2077 603 2141 laqueo
614 2077 705 2126 collum
716 2077 836 2142 pressisse
847 2085 992 2143 paternum
1072 2139 1073 2142 Ἴ

365 2160 482 2210 Mordesr
493 2161 632 2226 opprobriis
644 2160 717 2210 falsis
728 2169 868 2226 mutemque
879 2163 991 2213 colores?

365 2243 455 2293 Falsus
465 2244 544 2293 honor
551 2241 626 2308 juvet
637 2250 663 2292 et
672 2244 780 2294 mendax
790 2244 895 2294 infamia
906 2251 984 2294 terret

366 2328 445 2383 Quem
465 2326 514 2375 nisi
533 2326 679 2376 mendosum
697 2333 722 2376 et
739 2327 930 2378 medicandum?
963 2327 1010 2377 Vir
1026 2328 1107 2378 bonus
1127 2337 1168 2378 ost

463 2410 538 2474 quis?

284 2497 287 2504 '
366 2492 414 2549 Qui
425 2494 538 2543 consulta
549 2498 657 2558 patrum,
670 2492 712 2557 qui
723 2493 790 2557 leges
798 2491 903 2557 jureque
915 2500 1008 2553 servat,
1132 2498 1164 2542 41

142 2603 178 2632 χι,
192 2592 214 2632 s,
224 2593 242 2633 ι,
252 2593 284 2634 ιο,
294 2593 326 2633 15.
365 2577 420 2631 Quo
430 2577 516 2625 multoe
526 2591 669 2640 magnosque
682 2582 797 2625 secantur
804 2576 888 2640 judice
898 2576 964 2637 lites,

365 2658 420 2713 Quo
431 2661 470 2707 res
482 2673 600 2722 sponsore
611 2665 638 2708 et
648 2673 696 2722 quo
707 2674 788 2707 eeusae
799 2664 863 2708 teste
873 2665 998 2709 tenentur.

610 2790 643 2830 85.
657 2788 771 2834 tmeumst
777 2800 783 2838 ;
796 2791 830 2830 est
837 2801 878 2832 om.
887 2792 916 2831 al·
