2475 3284
599 205 628 267 Q.
645 205 783 257 HORAH
799 206 927 257 FLAOGI

705 364 803 414 XXVI.

486 478 548 528 Vm
559 479 650 543 puellis
662 496 741 545 nuper
751 480 863 540 idoneus,

129 562 175 604 mil.
188 561 310 603 c.4.1.1e.
485 561 639 612 Etmilitavi
650 579 699 612 non
711 563 870 627 sinegloria:

518 645 590 694 Nunc
601 662 671 695 arma
681 645 871 710 defunctumque
882 647 948 696 bello

551 728 673 779 Barbiton
684 728 724 778 hic
734 728 816 794 paries
827 729 935 788 habebit,

129 829 246 871 masto-4·
257 830 325 870 1¹³⁵·
484 835 586 885 Laevnm
597 835 701 886 marinae
711 836 754 900 qui
764 836 868 887 Veneris
879 839 945 887 latus
1138 839 1156 885 5

425 917 426 922 ’
456 911 465 927 ’
486 917 608 968 Custodit.
642 918 698 978 Hic,
711 919 751 968 hic
761 919 845 984 ponite
856 919 938 969 lucida

517 1000 631 1060 Funalie,
644 1007 669 1050 et
679 1007 768 1061 vectes,
780 1008 806 1050 et
815 1017 886 1050 arcus

550 1083 679 1148 Oppositis
690 1083 785 1133 foribus
796 1084 912 1134 minaces.

484 1191 572 1255 Oquse
586 1192 693 1251 beatam,
705 1190 771 1250 diva,
783 1198 852 1241 tenes
865 1192 980 1257 Cyprum,
992 1199 1017 1242 et

484 1273 614 1338 Memphin
626 1279 750 1323 carentem
761 1273 874 1324 Sithonia
886 1275 949 1334 nive,
1121 1280 1153 1324 10

516 1355 621 1421 Regina,
634 1356 735 1406 sublimi
746 1357 844 1421 flagello

548 1440 634 1503 Tange
645 1440 738 1490 Chloen
750 1440 826 1489 semel
836 1447 998 1504 arrogantem.

696 1605 807 1655 XXVII.

483 1722 574 1772 Irmos
584 1738 665 1787 parrae
675 1721 808 1772 recinentis
819 1738 890 1771 omen

483 1804 572 1865 Ducat,
585 1810 611 1853 et
620 1818 753 1868 praegnans
764 1804 840 1863 canis,
853 1811 897 1854 aut
907 1805 939 1854 ab
950 1820 1010 1869 agro

127 1908 172 1939 rav.
185 1897 225 1948 Ep.
234 1898 266 1939 16.
276 1900 308 1939 ³3.
482 1886 555 1937 Rava
565 1887 697 1936 decurrens
708 1888 768 1951 lupa
778 1887 916 1947 Lanuvino

613 1970 722 2034 Fataque
732 1971 819 2034 vulpes
829 1985 834 2019 ε

481 2077 593 2143 Rumpnt
603 2083 630 2127 et
640 2094 741 2143 serpens
753 2077 801 2126 iter
812 2077 963 2136 institutum,
1138 2084 1153 2129 5

481 2161 508 2210 Si
519 2177 564 2226 per
574 2160 701 2225 obliquum
713 2160 803 2210 similis
815 2160 913 2224 sagittae
1026 2161 1029 2166 '

400 2281 402 2287 .
480 2243 580 2295 Terruit
589 2245 788 2308 mannos-Ego
798 2243 837 2293 cui
849 2243 949 2302 timebo,

611 2326 732 2376 Providus
743 2342 844 2391 auspex,

479 2436 620 2499 Antequam
632 2434 722 2483 stantis
733 2440 829 2499 repetat
839 2434 942 2498 paludes

126 2544 157 2574 10,
171 2534 195 2575 ο,
205 2535 223 2576 3,
234 2512 313 2576 1212,
481 2516 604 2567 Imbrium
615 2516 701 2566 divina
712 2516 766 2565 avis
777 2515 959 2577 imminentem,
1119 2525 1151 2570 10

481 2599 596 2649 Oscinem
606 2615 707 2648 corvum
717 2615 788 2662 prece
799 2598 924 2649 suscitabo

613 2680 677 2729 Solis
689 2682 721 2730 ab
732 2686 795 2730 ortu.

399 2812 658 2863 amanuenses.
720 2812 740 2854 t.
753 2811 806 2862 quic
813 2811 910 2856 timebo?
973 2816 992 2857 9.
1007 2817 1095 2858 stantes.
