2475 3284
273 233 525 287 EPISTOLARUM
536 235 603 287 LIB.
619 237 642 307 ζ.
658 237 703 289 vii.

135 367 200 426 Non,
211 383 260 452 quo
270 384 339 418 more
349 367 413 433 piris
424 368 491 419 vesci
502 369 609 436 Calaber
616 369 691 436 jubet
701 370 798 437 hospes,

83 453 117 501 15
135 450 174 499 Tu
184 467 224 500 me
234 451 316 501 fecisti
327 452 482 516 locupletem.
516 452 620 522 Vescera
632 453 710 503 sodes.
749 455 752 460 ’

134 533 152 583 J
153 550 194 582 am
205 533 269 583 satis
281 540 327 583 est.
360 536 396 583 At
406 540 434 589 tu
445 541 566 599 quantum
578 535 616 586 ris
627 537 695 585 tolle.
729 535 848 601 Benigne.

134 615 192 665 Non
203 614 287 665 invisa
298 617 362 665 feres
373 616 457 681 pueris
468 618 616 667 munuscula
626 618 719 682 parvis.
760 636 762 640 ’

135 698 198 748 Tam
209 706 295 749 teneor
305 698 377 758 dono,
388 716 463 764 quam
474 699 497 748 si
509 699 623 749 dimittar
634 707 745 750 onustus.

135 781 173 830 Ut
183 781 259 842 libet;
276 782 328 852 haeje
338 771 419 846 porcis
430 782 503 831 hodie
514 782 664 832 comedenda
674 782 807 847 relinques.

84 867 118 913 20
134 864 258 928 Prodigus
269 872 295 914 et
305 866 398 914 stultns
409 864 494 924 donat,
506 881 561 929 quse
572 865 670 929 spernit
681 871 707 916 et
718 865 785 925 odit;

134 946 197 996 Haec
208 962 278 1011 seges
290 946 401 1011 ingratos
411 947 472 996 tulit
482 953 508 996 et
518 949 583 997 feret
593 948 709 997 omnibus
720 948 802 998 annis.

134 1029 182 1078 Vir
193 1021 273 1078 bonus
284 1036 311 1078 et
321 1028 420 1094 sapiens
432 1028 514 1093 dignis
526 1029 563 1079 ait
574 1046 628 1079 esse
639 1036 749 1094 paratus,
910 1051 953 1100 αφ,
966 1049 987 1091 s,
999 1051 1016 1089 l.
1026 1051 1045 1089 6.
1055 1051 1086 1089 51.

135 1112 188 1161 Nec
198 1118 283 1161 tamen
294 1112 400 1175 ignorat,
411 1112 471 1177 quid
482 1112 577 1162 distent
587 1129 638 1162 sera
648 1113 758 1178 lupinis:

135 1193 247 1259 Dignum
259 1195 383 1259 praestabo
393 1211 433 1244 me
445 1194 521 1244 etiam
531 1210 577 1259 pro
588 1194 662 1244 laude
672 1195 800 1245 merentis.

86 1281 118 1328 25
136 1276 209 1334 Quod
220 1277 242 1327 si
253 1294 293 1328 me
304 1278 374 1327 noles
384 1294 489 1342 usquam
500 1277 633 1337 discedere,
645 1278 733 1327 reddes

135 1360 211 1409 Forte
223 1361 297 1426 latus,
310 1359 394 1424 nigros
405 1366 512 1424 angusta
522 1360 605 1409 fronte
616 1360 728 1425 capillos,

135 1442 235 1492 Reddes
246 1442 317 1492 dulce
327 1441 403 1506 loqui,
414 1441 501 1491 reddes
511 1441 592 1491 ridere
602 1442 717 1492 decorum
728 1451 754 1492 et

136 1526 208 1575 Inter
218 1525 278 1575 vina
289 1527 374 1598 fugam
385 1525 483 1606 Oinarae
493 1540 593 1575 maerere
604 1532 733 1594 protervae.

136 1608 212 1658 Forte
222 1625 267 1673 per
277 1614 409 1672 angustam
420 1607 502 1657 tenuia
513 1608 643 1673 volpecula
653 1608 742 1657 rimam

88 1695 120 1741 30
137 1682 260 1757 Repserat
270 1691 298 1740 in
309 1707 432 1740 cumeram
444 1690 570 1749 frumenti,
582 1697 703 1755 pesteque
714 1708 800 1740 rursus

137 1775 179 1824 Ire
189 1776 257 1823 foras
268 1775 343 1838 pleno
353 1773 471 1823 tendebat
482 1789 582 1837 corpore
593 1765 704 1832 frustra,
734 1765 740 1773 ’

138 1856 185 1906 cui
196 1857 303 1905 mustela
314 1856 407 1921 procul,
420 1854 446 1905 Si
457 1855 504 1914 vis,
516 1854 560 1913 ait,
573 1855 681 1918 effugere
692 1854 774 1914 istinc,

138 1939 224 1988 Macra
235 1955 323 1988 cavum
333 1944 429 2003 repetes
440 1944 530 1996 artum,
542 1954 615 2002 quem
626 1954 708 1986 macra
720 1937 818 1987 subisti.

137 2022 193 2071 Hac
203 2038 248 2086 ego
260 2021 282 2070 si
294 2022 426 2086 compellor
436 2019 552 2084 imagine,
563 2025 651 2069 cuncta
661 2019 774 2083 resign03
910 2049 949 2078 m,
963 2037 986 2078 c,
996 2039 1015 2078 3.
1025 2039 1057 2077 29,
1067 2039 1099 2077 Μ,
1198 2089 1200 2094 Ι

88 2108 120 2156 35
138 2105 190 2155 Nec
200 2120 315 2154 somnum
325 2104 405 2168 plebis
416 2102 491 2152 laudo
502 2109 572 2151 satur
583 2103 700 2161 altilium,
713 2121 757 2152 nec

140 2187 198 2237 Otia
209 2186 306 2236 divitiis
317 2186 429 2235 Arabum
439 2183 655 2235 liberrimamuto.

138 2270 207 2334 Saepe
217 2269 382 2319 verecundum
393 2266 510 2326 laudasti,
521 2285 612 2333 rexque
624 2275 742 2333 paterque
909 2281 988 2330 rerum
999 2282 1100 2321 lutet.

138 2352 238 2403 Audisti
249 2368 339 2411 coram,
351 2367 396 2400 nec
406 2350 482 2400 verbo
493 2350 592 2415 parcius
603 2351 707 2399 absens:
908 2331 1096 2427 αωοὲζξξῗὼ

137 2436 243 2500 Inspice,
255 2435 277 2484 si
288 2450 389 2499 possum
400 2433 493 2486 donata
503 2449 621 2497 reponere
632 2434 713 2482 laetus.
1028 2433 1047 2471 7·
1058 2433 1102 2494 101„-

87 2523 119 2570 40
136 2518 211 2589 Haud
221 2518 287 2567 male
298 2516 466 2575 Telemachus,
477 2517 560 2580 proles
571 2516 690 2580 patientis
702 2516 800 2565 Ulixei:
968 2483 993 2523 E.
1003 2483 1022 2522 1.
1032 2483 1063 2522 ω’
1076 2484 1106 2522 h'

136 2602 192 2651 Non
204 2607 243 2650 est
253 2606 327 2665 aptus
338 2599 408 2663 equis
419 2598 505 2648 Ithace
516 2599 593 2658 locus,
604 2604 634 2647 ut
644 2615 721 2662 neque
732 2598 815 2662 planis

136 2683 265 2733 Porrectus
278 2682 366 2747 spetiis
379 2698 423 2731 nec
433 2682 519 2730 multae
530 2681 649 2746 prodigus
660 2681 757 2741 herbae;

154 2818 185 2856 16.
198 2816 345 2866 quantumvis
422 2815 454 2855 18.
467 2815 580 2854 honustus.
656 2815 688 2854 29.
702 2815 820 2864 vulpecula.
