2475 3284
199 261 391 315 CARMINUM
408 260 474 311 ΗΒ,
496 260 517 310 1.
534 277 575 317 xv.

78 393 249 463 Nequiquam,
261 392 365 443 Veneris
376 392 491 458 prasidio
503 393 579 451 ferox,

78 480 172 529 Pectes
183 477 315 536 cesariem,
327 483 445 540 grataque
455 476 555 525 feminis

79 561 188 611 Imhelli
199 560 295 611 cithara
306 559 417 609 carmina
427 558 522 608 divides
531 577 537 617 ;

117 643 276 708 Nequiquam
287 642 398 691 thalamo
409 658 496 706 graves

79 763 184 812 Hastae
196 765 221 809 at
231 759 320 810 calami
332 759 427 823 spicula
439 758 523 809 Cnosii

78 843 195 903 Vitabis,
208 842 393 907 strepitumque,
404 848 430 890 et
440 842 543 890 celerem
555 840 624 906 sequi

78 925 204 993 Ajacem
223 932 313 984 tamen,
325 923 382 983 heu,
394 940 463 973 serus
475 924 600 977 adulteros

118 1009 210 1060 Crines
221 1008 322 1072 pulvere
333 1006 443 1057 collines.

79 1126 145 1175 Non
156 1102 314 1182 Laertiaden,
326 1123 429 1172 exitium
440 1129 489 1173 tuae

79 1207 173 1268 Genti,
185 1223 235 1255 non
246 1206 346 1271 Pylium
357 1207 465 1255 Nestora
475 1205 598 1270 respicis?

78 1291 185 1354 Urgent
196 1288 314 1354 impavidi
326 1296 351 1338 te
363 1289 513 1338 Salaminius

118 1374 216 1422 Teucer
227 1379 252 1421 et
263 1372 394 1421 Sthenelus
405 1371 485 1421 sciens
819 1379 1016 1431 24.c.4.9.17-20.

79 1491 191 1553 Pugnae,
203 1487 255 1538 sive
266 1504 327 1554 opus
339 1494 378 1538 est
388 1487 530 1552 imperitare
542 1488 620 1552 equis,

79 1575 146 1623 Non
159 1572 247 1636 auriga
257 1570 342 1636 piger;
359 1571 489 1621 Merionen
501 1587 595 1635 quoque
820 1588 873 1627 Mer,
887 1587 911 1627 c.
922 1589 940 1627 ι,
950 1588 1011 1626 0:15.

80 1659 191 1707 Nosces.
210 1639 213 1647 Ι
225 1656 287 1705 Ecce
298 1655 361 1704 furit
371 1662 397 1704 te
408 1654 515 1719 reperire
527 1661 599 1704 atrox

119 1738 240 1805 Tydides,
252 1737 339 1787 melior
350 1745 435 1802 patre:

82 1859 171 1913 Quem
183 1862 219 1914 tu,
230 1870 316 1903 cerrus
328 1853 365 1902 uti
376 1852 451 1903 uallis
463 1852 490 1901 in
502 1853 582 1901 altera

82 1941 180 1989 Visum
192 1944 262 2003 parte
273 1938 359 2001 lupum
369 1936 489 2000 graminis
501 1926 638 1994 immemor,v

84 2014 199 2073 Sublimi
210 2020 291 2084 fugies
301 2019 384 2069 mollis
396 2018 516 2078 anhelitu,

121 2105 184 2154 Non
195 2103 242 2152 hoc
252 2102 378 2167 pollicitus
390 2109 448 2154 tuae.

86 2218 218 2270 Iracuuda
228 2216 294 2267 diem
305 2217 413 2281 proferet
424 2214 473 2264 Ilio

86 2300 266 2373 Matrouisque
276 2298 405 2363 Phrygum
416 2298 503 2347 classis
515 2298 622 2348 Achillei
631 2317 637 2357 ;

85 2389 154 2437 Post
165 2391 246 2434 certes
257 2382 351 2432 hiemes
362 2390 418 2431 uret
428 2381 550 2431 Achaicus

123 2467 199 2532 Ignis
209 2466 300 2516 iliacas
312 2465 406 2516 domes

85 2635 209 2678 excidium.
260 2634 292 2672 22.
306 2632 384 2681 gentis.
428 2633 459 2671 24.
473 2631 605 2681 Teucer,te;
619 2629 748 2680 Teucerquc,

254 2699 283 2738 st.
360 2697 392 2736 36.
406 2695 540 2744 Pergameas.

390 2925 405 2963 0
