2475 3284
104 197 161 258 178

104 332 270 373 masma

108 1810 148 1853 del.
161 1812 185 1854 U.
194 1814 214 1853 3.
223 1814 243 1853 6.
252 1813 272 1853 2.

107 2391 292 2442 pausam

561 193 589 254 o.
609 164 748 242 uoaarr
764 188 892 240 resset

326 325 376 383 Qui
388 331 472 391 stupet
483 325 509 375 in
521 326 603 376 titulis
615 332 641 375 et
651 323 811 388 imaginibus.
845 320 912 377 Quid
923 327 1020 385 oportet

326 410 379 459 Nos
391 411 471 458 faeere
482 425 497 458 a
508 410 581 473 volgo
592 409 666 472 louge
676 408 797 470 longeque
807 407 934 454 remotos?

327 493 440 556 Namque
452 498 512 551 osio,
524 492 632 557 populus
643 490 747 540 Laevino
757 489 845 537 mallet
855 488 974 537 honorem

327 574 497 643 QuamſsDecio
507 574 627 623 mandare
638 589 709 631 novo,
721 587 855 635 censorque
866 577 976 620 moveret
1100 572 1137 617 20

328 657 432 722 Appius,
445 656 552 721 ingenuo
563 656 585 706 si
597 673 647 705 nou
659 672 739 705 essem
750 661 821 719 patre
833 660 922 702 uatus:

327 739 375 788 Vel
386 739 481 803 merito,
494 739 610 803 quoniam
622 739 650 787 in
660 737 762 802 propria
773 753 823 786 non
834 737 899 800 pelle
909 735 1041 800 quiessem.

329 820 377 869 Sed
388 822 500 884 fulgente
510 820 591 870 trahit
601 819 749 870 consta-ictos
761 818 848 869 Gloria
859 835 933 867 curm

328 902 385 952 Non
396 902 479 955 minus
491 903 589 966 ignotos
600 901 735 967 generosis.
769 901 824 956 Quo
836 900 891 960 tibi,
903 900 971 959 riui,

329 986 429 1034 Sumere
439 985 581 1050 depositum
592 986 690 1053 olavum
701 983 803 1053 fierique
815 984 936 1033 tribuno?
1056 1014 1059 1021 ⁴
1100 989 1135 1033 ‘25

328 1069 429 1119 Invidia
440 1069 555 1128 accrevit,
567 1069 667 1134 privato
677 1085 732 1133 quae
743 1067 826 1116 minor
837 1074 909 1117 esset.

329 1152 395 1201 Nom
405 1158 434 1200 ut
444 1151 547 1215 quisquo
558 1151 662 1200 insanus
674 1150 752 1214 nigris
764 1150 873 1199 medium
883 1149 998 1214 impediit
1008 1167 1064 1213 erus

328 1234 441 1283 Pellibus
453 1240 478 1283 et
489 1235 569 1282 lutum
580 1232 682 1283 demisit
693 1239 791 1298 pectore
803 1234 908 1292 olavum,

329 1316 408 1366 Audis
418 1316 548 1366 continuo:
566 1315 630 1371 Quis
642 1316 715 1365 homo
726 1316 766 1365 hic
778 1318 836 1365 est?
852 1332 900 1379 quo
911 1322 982 1380 patre
993 1318 1087 1366 natus?

330 1400 368 1448 Ut
379 1398 401 1448 si
412 1398 454 1463 qui
466 1404 568 1462 aegrotet·
579 1415 627 1462 quo
637 1399 724 1447 morbo
733 1399 835 1458 Barrus,
846 1398 932 1447 haberi
1101 1403 1135 1447 30
1215 1463 1218 1466 ‚

331 1482 369 1530 Ut
378 1481 463 1546 euplus
474 1482 604 1546 formosus,
616 1487 658 1530 eat
668 1478 826 1546 quarumque,
838 1481 929 1545 puellis

332 1562 434 1630 Injioiat
445 1580 530 1613 euram
541 1563 667 1627 quaerendi
680 1563 786 1633 singula,
798 1563 866 1628 quali

332 1645 371 1696 Sis
381 1646 452 1706 faeie,
464 1663 529 1705 sura,
541 1645 609 1711 quali
620 1645 690 1711 pede,
702 1646 783 1705 dente,
794 1646 901 1711 capillo:

332 1729 372 1779 Sie
383 1729 426 1794 qui
437 1729 563 1794 promittit
573 1729 648 1788 cives,
656 1730 748 1789 urbem
759 1729 807 1779 sibi
819 1745 885 1780 curae

331 1811 468 1877 Imperium
479 1813 532 1860 fore
543 1818 569 1861 et
579 1812 691 1873 Italiam,
700 1812 804 1861 delubra
815 1811 923 1872 deorum,
1087 1878 1090 1883 ‚
1101 1819 1136 1864 35

331 1895 387 1950 Quo
398 1901 469 1959 patre
481 1895 515 1943 sit
526 1901 608 1955 natus,
620 1913 680 1945 num
691 1896 778 1960 ignota
788 1902 868 1945 matre
878 1896 1033 1957 inhonestus,

318 1977 424 2049 ³Omnes
436 1978 553 2026 mortales
564 1994 651 2028 curare
662 1985 687 2027 et
697 1995 806 2044 quaerere
816 1978 899 2051 oogit.

332 2061 402 2109 Tune
413 2059 477 2124 Syri,
489 2060 576 2110 Damae
587 2067 632 2110 aut
643 2061 748 2126 Dionysi
759 2061 835 2122 filius,
846 2061 922 2111 audes

333 2142 435 2192 Deieere
446 2160 459 2192 e
471 2159 532 2193 saxo
542 2136 609 2193 eires
621 2150 666 2192 aut
676 2142 773 2193 tradere
780 2144 897 2195 Cadmo?

332 2227 368 2274 At
379 2225 475 2274 Novius
486 2225 580 2289 collega
591 2226 671 2289 gradu
682 2233 740 2292 post
750 2244 790 2276 me
801 2227 871 2277 sedet
881 2242 944 2277 uno:
1101 2233 1135 2278 40

333 2307 446 2371 Namque
457 2315 496 2358 esa
506 2307 557 2368 ille,
568 2314 642 2373 pater
652 2309 718 2374 quod
729 2316 783 2359 erat
793 2327 870 2360 meus.
904 2311 960 2360 Hoe
969 2310 1018 2360 tibi
1028 2311 1136 2362 Paullus
1149 2360 1154 2365 .
1180 2312 1183 2317 ’

333 2390 368 2439 Et
379 2391 501 2440 Messalla
511 2390 626 2449 videris?
657 2394 693 2441 As
703 2392 750 2452 hie,
762 2393 784 2442 si
796 2379 910 2458 plaustra
920 2393 1026 2444 ducenas

335 2473 536 2538 Concurrentque
547 2475 602 2524 foro
612 2475 664 2524 tris
675 2476 770 2535 fimera,
782 2492 874 2540 magna
885 2476 985 2526 sonabit

335 2556 434 2606 Cornua
445 2557 510 2621 quod
520 2558 652 2624 vincatque
663 2559 752 2620 tubas5
770 2561 860 2610 saltem
870 2560 940 2610 tenet
949 2561 995 2610 hoe
1005 2577 1058 2612 noe.

310 2699 1135 2764 ummmmnmmmmmmmsmamm

418 2777 451 2817 41.
464 2777 586 2826 umquem
654 2779 688 2819 42.
700 2779 789 2830 plusne,
799 2781 844 2829 (O.)
853 2784 917 2822 ωηεν.
926 2781 952 2822 Ε.
962 2783 981 2822 2.
991 2783 1010 2822 2.
1019 2783 1052 2823 u.
