2475 3284
139 601 183 643 106.
196 602 217 643 S.
227 603 246 643 1.
256 603 275 644 3.
285 603 329 643 124.

135 769 174 817 ρει.
187 768 208 808 e.
217 768 237 808 2.
246 769 266 808 2.
277 766 310 808 rc.

140 2015 330 2056 in.in.S.1.7.12

607 204 637 273 Q.
653 211 791 263 HORATI
807 212 934 263 FLAOOI

363 346 387 395 A
397 350 501 410 praetore
512 343 573 404 dati,
585 361 668 394 rerum
679 346 759 395 tutela
770 362 880 394 mearum

364 428 427 477 (ium
439 427 475 476 sis
489 433 514 476 et
524 444 601 491 preve
613 434 707 477 sectum
718 428 879 476 stomacheris
891 428 923 477 ob
933 443 1041 491 unguem

362 511 436 560 Dete
448 510 586 576 pendenda
596 517 620 560 te
632 510 788 575 respicientis
800 510 880 561 amici.
1118 512 1171 559 105

362 593 403 643 Ad
414 609 550 642 summam:
569 593 670 658 sepiens
681 609 731 642 uno
742 592 824 643 minor
835 599 873 643 eet
884 594 954 652 Jove,
966 592 1045 652 dives,

362 676 445 735 Liber,
456 666 601 734 henoretnd,
612 675 724 740 pulcher,
735 693 780 724 rex
790 674 895 740 denique
906 691 1006 739 regum

361 759 488 825 Praecipue
500 775 584 819 sanus,
597 758 648 808 nisi
659 775 715 808 cum
726 758 821 830 pituiffi
830 759 935 808 moleste
945 765 992 808 est.
1031 763 1035 804 5

664 925 780 1016 ΛΠ.

362 1099 476 1149 Tecrum
487 1097 548 1149 belli
560 1098 712 1164 scriptorem,
724 1098 832 1148 maxime
843 1097 918 1158 Lolli,

362 1181 429 1230 Dum
440 1187 469 1230 tu
479 1181 603 1231 declamas
614 1181 708 1241 Romae,
720 1182 846 1231 Praeneste
858 1182 949 1245 relegi;

362 1263 418 1323 Qui,
431 1264 491 1329 quid
501 1264 536 1313 sit
545 1265 684 1329 pulchrum,
695 1264 755 1329 quid
767 1271 846 1329 turpe,
858 1264 919 1329 quid
929 1265 999 1323 utile,
1011 1264 1073 1329 quid
1084 1280 1145 1324 non,

362 1346 466 1395 Planius
477 1363 506 1396 ec
516 1346 605 1396 melius
618 1346 759 1412 Chrysippo
770 1353 796 1396 et
807 1348 927 1397 Crantore
938 1346 1006 1396 dicit.

363 1429 414 1478 Cur
424 1428 461 1477 ite.
472 1428 626 1488 crediderim,
639 1428 688 1477 niel
700 1428 760 1493 quid
770 1435 796 1479 te
807 1428 909 1487 detinet,
922 1428 988 1479 audi.
1151 1431 1168 1477 ὅ

362 1510 466 1570 Fabula,
478 1527 527 1575 qua
537 1510 637 1560 Paridis
649 1518 750 1575 propter
761 1518 878 1560 narratur
888 1527 997 1560 amorem

363 1596 460 1647 Graecia
470 1594 598 1644 Barbariae
609 1595 678 1643 lente
689 1590 776 1644 cellite
787 1593 877 1652 duello,

364 1680 501 1729 Stultorum
512 1693 598 1741 regum
609 1682 635 1725 et
645 1677 793 1741 populorum
805 1676 916 1726 continet
927 1682 1010 1725 aestus.

363 1764 476 1811 Antenor
486 1766 570 1810 censet
581 1759 642 1809 belli
653 1759 785 1823 praecidere
797 1775 904 1808 causam.

363 1844 431 1900 Quid
440 1843 533 1893 Paris?
567 1842 701 1891 Utselrus
713 1847 799 1906 regnet
809 1842 926 1905 vivatque
938 1842 1033 1899 beatus,
1133 1844 1165 1889 10

364 1926 425 1990 Cogi
437 1942 509 1991 posse
520 1931 602 1989 negat.
636 1925 729 1974 Nestor
739 1941 883 1989 componere
894 1924 952 1974 lites

364 2011 435 2060 Inter
445 2009 548 2059 Peliden
560 2007 664 2058 festinat
676 2014 701 2057 et
712 2007 778 2057 inter
789 2006 908 2066 Atriden;

364 2093 439 2143 Hunc
450 2108 526 2150 amer,
538 2090 577 2140 ire
587 2090 687 2154 quidem
699 2090 862 2139 comuniter
874 2089 925 2138 urit
935 2095 1074 2153 utmrnque.

364 2173 491 2239 Quidquid
502 2172 611 2222 delirant
622 2189 700 2235 reges,
712 2173 856 2237 plectuntur
866 2171 964 2221 Achivi.

365 2257 498 2316 Seditione,
510 2256 583 2316 dolis,
596 2257 688 2305 scelere
699 2263 773 2319 etque
784 2255 888 2304 libidine
900 2261 925 2304 et
935 2254 974 2303 ire.
1135 2259 1167 2305 15

365 2341 456 2392 Iliacos
468 2340 535 2389 intra
546 2356 630 2389 mures
642 2345 757 2403 peccatur
768 2345 793 2387 et
804 2345 881 2387 extra.
909 2356 913 2362 ·

365 2423 470 2482 Rursus,
482 2421 542 2487 quid
552 2421 633 2471 virtus
645 2427 670 2469 et
681 2419 741 2485 quid
752 2419 876 2484 sapientia
888 2418 974 2483 possit,

366 2506 437 2572 Utile
449 2504 578 2570 proposuit
589 2503 662 2552 nobis
673 2504 800 2566 exemplar
811 2502 912 2561 Ulixen,

366 2588 416 2644 Qui
427 2587 535 2637 domitor
545 2584 626 2650 Trojae
636 2585 771 2633 multorum
782 2583 900 2648 providus
911 2586 985 2633 urbes

366 2672 401 2722 Et
411 2669 633 2733 moreslhominum
643 2666 760 2732 inspexit,
772 2668 899 2731 letumque
909 2684 954 2732 per
964 2684 1054 2731 aequor,
1133 2671 1165 2717 20

402 2803 478 2843 1.108.
492 2800 630 2842 lmolertast.
679 2805 705 2839 11.
718 2798 738 2838 4.
751 2797 842 2845 plenius.
895 2800 928 2840 10.
942 2801 998 2849 quod
1007 2800 1118 2850 Pendet
