2475 3284
594 228 621 289 Q.
638 228 775 279 HORATI
793 229 921 280 sinodi

709 428 783 479 VIII.

348 561 389 610 Ur
400 549 530 609 Nasidieni
539 558 608 625 juvit
619 566 644 609 te
655 577 716 609 cena
727 559 794 610 beati
803 547 822 612 i‘

347 643 413 692 Nam
424 643 485 691 mihi
496 642 616 707 quaerenti
627 642 757 692 convivam
768 642 849 692 dictus
859 643 917 692 here
928 642 981 693 illic

347 728 385 776 De
397 728 477 777 medio
488 735 574 792 potare
585 727 633 779 die.
667 727 714 786 Sic,
726 734 755 775 ut
765 727 827 776 mihi
838 744 971 792 numquam

347 811 379 860 In
390 812 443 861 vita
455 812 531 861 fuerit
541 811 637 861 melius.
671 810 718 870 Da,
731 811 752 860 si
764 827 839 874 grave
851 818 958 872 nonest,

347 895 408 950 Quae
419 895 500 959 prima
510 895 603 943 iratum
613 900 726 943 ventrem
737 893 873 958 placaverit
884 910 946 943 esca.

226 995 231 1007 ·
255 994 261 1007 ·
296 993 304 1009 ·
347 978 379 1026 In
390 977 479 1042 primis
489 978 605 1026 Lucanus
617 992 691 1041 aper:
709 976 760 1026 leni
772 975 821 1024 fuit
832 977 925 1026 Austro

348 1059 451 1125 Captus,
462 1066 492 1108 ut
503 1060 587 1109 aiebat
597 1076 663 1109 oenae
674 1065 745 1124 pater
754 1077 760 1119 ;
778 1058 845 1108 acria
856 1058 948 1108 circum

347 1142 455 1206 Rapula,
467 1143 576 1200 lactucae,
588 1141 691 1199 radices,
703 1140 787 1205 qualia
798 1142 893 1189 lassum

122 1240 162 1279 ull.
175 1239 196 1278 s.
206 1239 226 1279 i.
235 1239 254 1279 4.
265 1239 296 1279 73.
347 1224 493 1273 Pervellunt
504 1224 664 1281 stomachum,
677 1222 746 1282 siser,
757 1224 827 1283 allec,
839 1224 927 1272 faecula
938 1222 996 1274 (loa.

348 1305 397 1355 His
408 1304 451 1354 ubi
464 1306 570 1354 sublatis
582 1322 644 1370 puer
655 1306 705 1353 alte
716 1305 811 1355 cinctus
823 1322 937 1354 acernam

348 1389 463 1453 Gausapa
474 1404 596 1452 purpureo
607 1403 718 1436 mensam
729 1384 853 1451 pertersit,
866 1394 891 1437 et
901 1389 965 1436 alter

348 1470 462 1534 sublegit
472 1470 639 1534 quodcumque
647 1468 742 1533 jaceret
752 1470 841 1519 inutile
852 1471 964 1535 quodque

125 1569 166 1608 Aa.
181 1568 202 1608 s.
212 1569 231 1607 1.
241 1568 260 1607 3.
270 1568 301 1607 11.
348 1554 438 1602 Posset
448 1552 560 1601 cenantis
572 1551 694 1600 offendere
703 1570 709 1611 3
726 1559 756 1601 ut
765 1553 850 1602 Attica
861 1553 931 1617 virgo

349 1636 412 1685 (lum
424 1635 500 1684 sacris
513 1634 609 1684 Cereris
621 1634 731 1699 procedit
743 1636 826 1684 fuscus
837 1636 969 1700 Hydaspes

349 1712 454 1767 Cae'cuba
465 1716 524 1766 vina
535 1717 625 1775 ferens,
637 1718 716 1766 Alcon
729 1717 818 1766 Chium
828 1718 905 1766 maris
917 1735 1012 1783 expers.
1125 1726 1165 1772 15

349 1801 399 1851 Hic
410 1816 481 1849 erus:
498 1800 633 1859 Albanum,
645 1800 777 1859 Maecenas,
789 1799 841 1849 sive
852 1800 986 1849 Falernum

349 1885 384 1934 Te
396 1883 475 1947 magis
487 1881 608 1947 appositis
620 1882 740 1931 delectat:
758 1883 878 1932 habemus
888 1891 1026 1948 utrumque.

126 1979 172 2019 mis.
186 1978 207 2018 S.
216 1979 235 2017 i.
246 1979 265 2018 t.
274 1975 343 2060 ws
348 1959 458 2016 Divitias
469 1965 573 2014 miseras
584 1969 589 2013 i
605 1957 609 1962 ⁵
625 1965 673 2012 Sed
683 1964 739 2029 quis
750 1966 895 2015 cenantibus
906 1983 963 2027 una,

297 2069 300 2078 ’
349 2048 472 2107 Fundani,
484 2048 585 2113 pulchre
597 2046 674 2096 fuerit
684 2047 739 2106 tibi,
751 2065 824 2097 nosse
835 2049 927 2098 laboro.

283 2083 297 2132 ,¹

350 2133 464 2181 Summus
477 2147 521 2194 ego
533 2136 558 2179 et
568 2147 644 2194 prope
656 2147 695 2178 me
707 2130 795 2179 Viscus
806 2131 931 2180 Thurinus
944 2138 969 2181 et
978 2132 1054 2192 infra,
1120 2147 1136 2185 ι

349 2214 376 2263 Si
387 2213 495 2273 memini,
507 2212 605 2271 Varius,
618 2229 673 2260 cum
684 2211 789 2261 Servilio
799 2213 933 2263 Balatrone

126 2309 181 2349 uini.
195 2308 220 2349 Ε.
231 2309 249 2348 1.
260 2308 279 2349 t.
289 2307 320 2346 28.
349 2296 473 2355 Vibidius,
485 2311 546 2358 quas
558 2294 682 2343 Maecenas
694 2294 831 2344 adduxerat
842 2298 951 2347 umbras.

348 2380 520 2427 Nomentanus
532 2383 586 2425 erat
597 2394 672 2441 super
682 2377 772 2442 ipsum,
784 2379 886 2428 Porcius
898 2379 972 2439 infra,

127 2473 166 2513 obs.
180 2471 201 2511 S.
210 2473 230 2511 2.
239 2471 258 2511 3.
269 2470 313 2509 240.
350 2461 479 2510 Ridiculus
491 2465 558 2508 totas
571 2460 647 2508 semel
659 2461 790 2509 obsorbere
801 2463 935 2526 placentas.

349 2545 519 2594 Nomentanus
531 2543 627 2601 adhoc,
639 2544 681 2607 qui
694 2544 715 2592 si
727 2544 787 2608 quid
798 2547 861 2594 forte
872 2548 968 2605 lateret,
1119 2555 1156 2601 25

350 2626 434 2677 Iudice
446 2632 596 2675 monstraret
606 2625 700 2689 digito:
719 2643 777 2674 nam
787 2634 868 2677 cetera
881 2631 962 2689 turba,

401 2746 420 2783 1.
433 2744 488 2783 utta
496 2742 613 2781 Nasidieni.
690 2742 723 2782 13.
735 2745 843 2784 cenantes.
928 2747 959 2786 16.
972 2747 1044 2787 herus.

525 2807 556 2845 22.
570 2815 631 2855 quos.
802 2808 832 2846 24.
846 2807 918 2847 simul.
