2475 3284
363 236 508 287 EPODON
518 239 551 289 ΙΙ.

192 370 229 419 Ut
240 368 352 419 assidens
363 369 525 434 implumibus
536 370 614 437 pullis
626 371 680 421 evis

224 451 380 517 Serpentium
392 453 503 517 allapsus
515 455 587 503 timet

191 534 274 599 Magis
285 534 394 595 relictis;
411 552 468 594 non,
481 543 510 584 ut
521 536 595 597 adsit,
608 536 687 586 auxili

223 619 318 668 Latum
328 618 385 682 plus
396 618 570 682 praesentibus.

190 701 309 753 Libenter
319 700 366 750 hoe
377 706 402 749 et
413 717 484 750 omne
495 701 649 751 militabitur

222 783 321 832 Bellum
332 782 359 830 in
370 789 420 832 tuae
431 799 501 847 spem
511 784 613 847 gretiae;

190 865 246 915 Non
258 872 287 915 ut
292 863 407 931 juvencis
418 865 517 929 illigata
527 867 642 932 pluribus

222 952 316 999 Aratra
326 950 440 999 nitantur
451 966 521 999 mea:

190 1033 298 1082 Pscusre
310 1032 425 1082 Calabris
436 1040 494 1082 ente
507 1033 576 1083 sidus
588 1033 713 1083 fervidum
881 1060 913 1099 ²7·
927 1050 951 1089 Ε,
961 1051 980 1089 2.
991 1051 1010 1090 t.
1021 1050 1065 1090 157.

221 1115 322 1165 Lucana
333 1122 413 1165 mutet
423 1116 537 1180 pascuis:

188 1199 240 1248 Nec
251 1205 280 1247 ut
291 1199 392 1263 superni
403 1199 466 1248 villa
477 1199 585 1249 caudens
597 1199 699 1250 Tusculi

221 1281 414 1346 Circaeatangat
425 1283 523 1332 moenia.
881 1298 923 1337 cir.
937 1298 960 1337 C.
970 1300 989 1338 3.
999 1299 1030 1338 29.
1040 1300 1060 1338 8.

188 1364 255 1414 Satis
267 1381 387 1429 superque
398 1381 438 1414 me
448 1364 592 1428 benignitas
603 1372 648 1415 tua
881 1386 911 1424 3¹·
925 1375 949 1416 C.
958 1377 977 1415 2.
985 1378 1017 1415 le.
1027 1378 1058 1416 19.

220 1447 334 1497 Ditavit:
352 1447 420 1497 haud
431 1464 558 1512 paravero,
959 1428 978 1466 ³·
988 1429 1019 1467 ¹⁰¹
1029 1429 1061 1468 ³⁸¹

186 1530 259 1586 Quod
269 1538 313 1580 aut
324 1546 414 1580 avarus
425 1536 454 1579 ut
462 1530 579 1580 Chremes
590 1537 658 1580 terra
669 1548 786 1596 premam,

218 1613 361 1664 Discinctus
373 1620 417 1663 aut
424 1614 527 1679 perdam
539 1631 623 1680 nepos.

433 1809 469 1859 H.

169 1942 286 1991 ‘Bssros
298 1941 348 2001 ille,
361 1940 402 2006 qui
414 1943 500 2006 procul
510 1941 626 2005 negotiis,

217 2024 255 2073 Ut
265 2024 347 2089 prisca
357 2040 418 2088 gens
430 2024 580 2085 mortalium,

182 2108 292 2157 Paterna
303 2124 362 2157 rura
372 2109 451 2161 bobus
464 2114 560 2157 exercet
571 2107 632 2166 suis,

217 2193 317 2242 Solutus
328 2192 395 2241 omni
407 2194 498 2242 fenore.

182 2275 268 2339 Neque
279 2275 402 2324 excitatur
412 2274 516 2325 classico
527 2274 600 2324 miles
611 2274 684 2333 truci,

215 2358 300 2422 Neque
311 2358 396 2408 horret
407 2358 499 2406 iratum
510 2374 585 2416 mare,

182 2440 321 2505 Forumque
331 2441 397 2493 vitat
407 2447 433 2489 et
444 2441 550 2504 superba
560 2440 652 2489 civium

214 2523 386 2574 Potentiorum
397 2523 493 2573 limina.
631 2532 635 2538 '

184 2606 251 2671 Ergo
262 2614 306 2656 aut
317 2607 404 2657 adulte
414 2606 505 2672 vitium
516 2606 652 2672 propagine

55 2693 82 2737 10
214 2690 287 2740 Altae
299 2689 402 2739 maritat
412 2691 534 2755 populeos
876 2708 906 2739 ιο.
919 2697 943 2739 G.
952 2699 972 2739 4.
985 2700 1004 2739 o.
1014 2700 1046 2738 ao.

112 2838 128 2870 1.
142 2831 175 2870 26.
187 2830 245 2871 meis.
353 2832 384 2872 28.
397 2841 485 2881 macae.
590 2832 625 2872 34.
637 2833 783 2880 ut....nepos.

432 2903 448 2934 Κ
457 2897 469 2934 2
