2475 3284
291 219 499 271 SATIRARUM
516 219 582 270 ΜΒ.
599 220 620 270 Ι.
638 218 671 270 iv.

129 354 164 404 Et
174 353 246 404 vivat
256 353 327 419 puris
338 353 461 412 monibus,
473 358 614 402 contemnat
624 358 765 416 utrumque.

129 438 167 486 Ut
177 437 213 487 sis
223 443 253 486 tu
264 436 354 487 similis
366 436 428 487 Coeli
440 435 555 500 Birrique
565 437 698 496 latronum,

80 523 112 574 70
129 520 186 570 Non
198 536 244 584 ego
255 520 303 569 sim
314 518 390 584 Capri
401 535 480 583 neque
491 517 572 568 Soloi:
588 535 633 568 cur
643 524 739 568 metues
750 518 808 567 mo?

130 602 208 651 Nulla
219 603 324 652 taberne
334 618 402 651 meos
413 602 506 651 hebent
517 617 595 665 nequo
606 600 659 666 pila
669 600 777 659 libellos,

130 684 193 741 Quis
205 700 294 734 monus
306 684 407 734 insudet
420 683 489 748 volgi
500 683 713 747 Hermogenisque
724 679 814 746 Tigelli
824 698 830 741 ;
906 686 945 725 vol.
959 684 984 724 Ε.
994 685 1012 724 1.
1022 684 1053 723 20.
1064 684 1098 725 11.

130 767 183 816 Nee
193 766 271 816 recito
281 766 395 832 cuiquem
407 766 457 816 nisi
468 765 563 826 amicis,
575 765 649 831 idque
659 772 765 824 emotus,

130 849 188 899 Non
198 849 283 899 ubivis
293 865 406 899 coramve
417 848 576 914 quibuslibet.
610 848 642 897 In
654 847 735 897 medio
745 847 787 912 qui

81 934 115 988 76
132 931 230 996 Sonipts
241 933 296 982 foro
305 932 411 982 recitent
421 939 481 982 sunt
490 932 564 981 multi
575 931 666 996 quique
676 932 806 992 lavantem

131 1015 212 1064 Susve
223 1015 291 1064 loeus
302 1015 356 1065 voci
367 1021 469 1065 resonat
479 1015 615 1064 oonclusus.
650 1014 742 1064 Inones

132 1098 187 1148 Hoe
193 1096 275 1163 juvat,
287 1097 355 1147 haud
366 1097 430 1147 illud
440 1102 584 1162 querentes,
596 1113 656 1145 num
668 1096 721 1146 sine
733 1112 815 1155 sensu,

131 1181 253 1246 Tempore
264 1197 324 1230 num
335 1180 430 1230 fsoinnt
440 1180 529 1230 alieno.
562 1179 664 1230 Laedero
673 1180 774 1244 gaudes,

130 1263 226 1329 Inquit,
237 1270 263 1312 et
272 1263 320 1313 hoo
330 1262 413 1312 studio
423 1279 515 1328 pravus
527 1261 596 1313 faeie.
631 1262 705 1312 Unde
716 1262 822 1327 petitum

71 1410 73 1415 ,
83 1349 116 1396 80
131 1346 188 1396 Hoe
198 1345 225 1395 in
237 1363 277 1396 me
284 1344 370 1411 jocis?
388 1353 427 1395 est
437 1351 523 1395 auctor
533 1345 589 1410 quis
601 1345 706 1410 denique
717 1362 809 1406 eorum,

132 1428 192 1478 Vixi
203 1445 259 1479 oum
271 1428 381 1494 quibus?
414 1428 552 1478 Absentem
563 1428 606 1494 qui
618 1428 685 1478 rodit
695 1429 809 1488 amioum,

132 1511 182 1568 Qui
193 1529 243 1561 non
254 1510 367 1561 defendit
377 1510 427 1561 olio
438 1512 561 1575 culpante,
574 1512 668 1561 solutos

133 1594 182 1651 Qui
193 1601 279 1659 captat
289 1593 355 1643 risus
366 1593 495 1643 hominum
506 1595 646 1658 famamque
657 1594 756 1655 diooois,

132 1677 238 1742 Fingere
249 1677 292 1741 qni
303 1694 353 1726 non
364 1677 420 1727 vise
431 1683 520 1742 potest,
532 1677 664 1726 commissa
676 1684 758 1728 tacere
909 1692 959 1722 com.
974 1682 998 1721 E.
1008 1683 1026 1720 1.
1037 1681 1068 1721 18.
1076 1681 1108 1721 5⁰.

84 1765 116 1811 85
133 1760 181 1817 Qui
193 1761 293 1824 nequit;
310 1759 352 1809 hie
362 1759 434 1823 nigei·
445 1764 491 1819 est,
502 1759 568 1809 hunc
578 1766 614 1819 tu,
627 1760 746 1821 Romane,
758 1767 851 1812 caveto.
910 1771 953 1818 neq.
965 1754 991 1809 E.
1000 1772 1020 1809 2.
1030 1771 1048 1808 o.
1059 1772 1091 1808 oo.

133 1845 202 1908 Saepe
212 1843 295 1893 tribus
306 1842 377 1893 leotis
388 1842 475 1892 videos
486 1858 573 1892 cenare
584 1849 725 1907 quaternos,
911 1852 944 1890 lec.
958 1851 979 1889 S.
989 1852 1008 1890 2.
1018 1851 1037 1890 s.
1047 1851 1079 1888 41.

133 1925 256 1990 Equibus
267 1942 333 1975 unus
344 1931 412 1974 amet
422 1924 511 1989 quevis
522 1924 670 1989 adspergere
681 1933 782 1975 cunctos

133 2009 227 2058 Praeter
233 2025 289 2057 eum
295 2008 337 2073 qui
346 2008 442 2074 praebet
449 2024 554 2072 equem3
566 2008 695 2073 posthunc
702 2025 797 2073 quoqne
804 2015 884 2073 potus,
906 2015 973 2064 prol».
987 2014 1007 2053 S.
1017 2015 1036 2053 2.
1046 2015 1065 2052 ι’.
1076 2016 1109 2053 os.

134 2093 240 2144 Condita
251 2110 307 2143 cum
317 2091 724 2157 vomxaperitproeooidiaLiber.
910 2105 942 2155 89.
957 2103 980 2142 C.
990 2105 1009 2142 3.
1019 2105 1050 2143 21.
1061 2104 1092 2142 io.

84 2180 116 2226 90
132 2175 183 2226 Hie
193 2176 241 2226 tibi
252 2176 329 2225 comis
341 2182 366 2226 ot
376 2177 487 2225 urbanus
498 2175 610 2240 liberque
620 2175 727 2235 videtur,

132 2259 229 2308 Infesto
240 2258 332 2323 nigris;
351 2275 396 2323 ego
407 2257 429 2307 si
440 2258 493 2317 risi,
505 2258 571 2323 quod
581 2259 682 2323 ineptus

132 2341 251 2391 Pastillos
263 2341 372 2390 Rufillus
383 2342 440 2401 olet,
453 2341 593 2405 Gorgonius
604 2341 708 2400 hircum,
907 2359 940 2400 92·
954 2349 974 2388 S.
985 2351 1004 2388 1.
1014 2350 1033 2387 2.
1043 2349 1075 2387 27.

131 2423 236 2473 Lividus
246 2431 272 2474 et
282 2424 385 2474 mordax
395 2423 481 2475 videor
491 2424 538 2474 tibi
547 2427 559 2475 i
591 2424 689 2474 Montio
700 2425 722 2474 si
733 2441 782 2489 qua

131 2506 170 2556 De
181 2506 317 2571 Capitolini
328 2507 402 2556 fultis
413 2504 504 2572 injecto
515 2506 599 2557 Petilli

83 2593 115 2640 95
132 2590 167 2639 Te
178 2605 261 2640 comm
272 2589 355 2650 fuerit,
367 2589 494 2650 dolendos,
506 2598 535 2640 ut
545 2596 603 2640 tuus
615 2598 654 2639 est
664 2607 731 2640 mos.

151 2750 183 2789 72.
196 2748 265 2797 vulgi.
342 2749 374 2788 73.
387 2747 477 2787 recitem
485 2746 609 2796 qumquem.
686 2747 718 2789 79.
731 2747 812 2797 inquis.

294 2812 327 2852 87.
340 2811 407 2860 imus,
416 2812 456 2861 (cp.
466 2810 493 2851 A.
503 2810 528 2851 P.
538 2811 587 2859 32);
601 2812 659 2851 avet.
