2475 3284
100 226 158 284 222
282 175 285 184 '
568 224 752 285 11101111
767 224 895 275 FLAOOI

100 373 143 404 nee.
157 361 210 403 dt.
220 362 281 402 139·
324 358 417 408 Pocula
428 375 472 408 seu
483 358 586 408 modicis
597 358 694 408 uvescit
704 358 794 409 laetius.
827 358 895 421 Ergo

325 442 411 490 Sermo
421 441 507 500 oritur,
520 457 569 490 non
580 439 612 489 de
623 440 693 490 villis
704 440 850 490 domibusve
861 440 959 499 alienis,

324 524 376 574 Nec
386 525 451 573 mule
463 540 538 573 necne
549 523 630 589 lepos
642 524 731 583 seltet;
749 523 793 573 sed
803 523 869 588 quod
879 523 960 588 magis
971 524 1005 574 ed
1017 542 1065 575 nos

324 607 439 656 Pertinet
449 614 474 656 et
485 605 579 656 nescire
590 607 685 656 melum
696 614 735 656 est
746 606 884 670 agitamus:
902 614 1020 656 utrumne

324 689 428 739 Divitiis
440 689 553 739 homines
564 706 597 738 nn
609 689 661 738 sint
671 689 765 739 virtute
774 689 856 749 beeti;

325 771 420 827 Quidve
432 771 465 821 ed
475 770 606 830 amicitias,
618 788 678 821 usus
690 778 823 831 rectumne,
835 771 921 821 trehet
932 788 991 831 nos;
1103 775 1144 827 75

323 854 359 905 Et
368 871 423 919 quae
435 854 469 903 sit
480 860 570 903 nature
580 853 641 902 boni
653 870 824 918 summumque
835 852 895 917 quid
906 851 967 919 ejus.

99 966 147 1004 oar.
160 955 181 995 5.
192 954 294 994 1.10.41.
324 938 427 988 Cervius
439 937 491 987 haec
502 937 568 986 inter
578 936 675 986 vicinus
686 936 766 1000 garrit
776 935 856 985 aniles

100 1046 159 1083 nam,
167 1035 188 1075 Β.
198 1036 217 1075 2.
227 1035 246 1073 3.
256 1033 294 1081 20;
323 1019 363 1070 Ex
374 1037 401 1069 re
412 1020 527 1069 fabellas.
561 1019 587 1068 Si
599 1018 725 1082 quisnam
737 1018 824 1067 laudm
834 1018 915 1067 Arelli

162 1135 187 1175 E·
197 1136 216 1175 2.
226 1135 245 1175 1.
253 1085 298 1174 64616
324 1102 450 1152 Sollicitus
461 1102 563 1166 ignarus
575 1117 642 1165 opes,
655 1101 690 1150 sic
701 1100 803 1165 incipit:
823 1099 891 1150 Olim

99 1187 137 1225 δοῖ·
151 1184 174 1225 0·
184 1187 203 1225 t.
214 1187 233 1225 1.
240 1185 274 1225 48.
323 1184 442 1234 Rusticus
453 1185 577 1234 urbanum
588 1200 684 1233 murem
695 1200 750 1233 mus
761 1200 869 1249 paupere
880 1184 961 1233 fertur
1099 1189 1138 1235 80

323 1267 454 1332 Amepisse
464 1283 532 1326 cavo,
543 1274 653 1316 ueterem
663 1274 735 1316 vetus
747 1267 838 1331 hospes
849 1266 964 1325 amicum,

99 1364 134 1401 att.
147 1361 172 1400 Ε.
183 1362 201 1401 1.
211 1362 230 1400 7.
239 1361 272 1400 91.
323 1353 405 1415 Asper
415 1356 440 1399 et
451 1355 562 1399 attentus
572 1348 692 1413 quaesitis,
704 1356 733 1397 ut
744 1356 828 1398 tumen
839 1355 922 1398 ertum

324 1433 436 1482 Solveret
446 1430 564 1496 hospitiis
575 1430 696 1480 animum.
730 1431 798 1487 Quid
808 1432 906 1481 multu?
924 1448 1002 1496 neque
1014 1431 1058 1480 ille

325 1513 432 1578 Sepositi
444 1513 529 1563 ciceris
541 1529 586 1562 neo
597 1514 678 1576 longae
689 1512 782 1562 invidit
793 1530 891 1573 uvenae;

324 1596 430 1646 Aridum
441 1601 466 1644 et
477 1611 519 1645 ore
530 1595 613 1644 ferens
625 1596 724 1644 ocinum
736 1612 877 1660 semesaque
888 1595 953 1646 lardi
1095 1601 1130 1648 85

99 1696 140 1733 rar.
153 1692 178 1732 E.
187 1693 207 1732 2.
218 1693 236 1733 1.
247 1692 291 1731 215.
324 1680 416 1728 Frusts
427 1678 503 1736 dedit,
515 1678 617 1742 cupiens
629 1678 700 1727 veris
711 1678 814 1727 fastidia
825 1694 886 1727 cene

323 1762 428 1811 Vincere
439 1760 566 1824 tangentis
577 1761 643 1809 mele
655 1760 754 1824 singula
765 1760 840 1810 dente
851 1761 971 1825 superbo:

95 1858 141 1903 pte.
154 1854 176 1894 s,
185 1854 205 1893 2.
214 1854 234 1893 8.
244 1854 263 1892 1.
324 1845 386 1895 Cum
397 1849 469 1908 peter
480 1842 534 1907 ipse
545 1843 633 1892 domus
645 1843 717 1907 pelea
728 1849 856 1907 porrectus
867 1843 894 1892 in
902 1844 982 1893 horne

98 1907 143 1944 ''⁰⁹''
157 1903 181 1944 ⁰⁹
190 1905 210 1945 3·
220 1905 252 1944 ²³⁰
261 1903 281 1943 ³·
322 1926 397 1977 Esset
408 1925 469 1976 udor
479 1925 621 1989 loliumque,
633 1924 706 1990 depis
718 1925 821 1975 meliore
832 1925 981 1990 relinquens.

322 2009 434 2060 Tandem
442 2009 553 2058 urbanus
561 2007 594 2056 sd
602 2007 680 2056 hunc:
695 2007 762 2063 Quid
770 2014 794 2057 te
799 2007 880 2073 juvet,
890 2008 978 2073 inquit,
987 2009 1073 2069 emico,
1092 2014 1130 2061 90

321 2091 446 2157 Praerupti
458 2090 566 2141 nemoris
577 2090 714 2155 potientem
725 2090 808 2140 vivere
819 2091 912 2141 dorso?

98 2196 135 2237 eu,
143 2186 164 2227 S.
174 2187 194 2225 1.
203 2186 223 2227 9.
233 2186 265 2226 te.
321 2176 368 2225 Vis
379 2183 408 2225 tu
417 2175 531 2225 homines
543 2174 677 2237 urbemque
689 2173 749 2223 feris
761 2191 902 2239 praeponere
914 2174 1006 2226 silvis?

323 2260 403 2323 Carpe
413 2258 488 2318 viem,
500 2257 563 2306 mihi
575 2255 654 2315 crede,
665 2272 754 2316 comes,
767 2257 896 2306 terrestria
906 2257 1005 2321 quando

322 2342 444 2392 Mortales
456 2340 553 2390 enimes
563 2339 654 2389 vivunt
665 2339 755 2388 sortite
766 2356 844 2404 neque
855 2341 908 2389 ulle
919 2348 958 2389 est

323 2427 375 2475 Aut
385 2440 476 2487 magno
487 2429 531 2473 eut
541 2439 619 2487 perro
630 2422 674 2471 leti
687 2423 759 2486 fuga:
778 2439 833 2486 quo,
846 2424 916 2484 bone,
929 2423 1001 2484 circe,
1091 2429 1128 2476 95

323 2508 390 2557 Dum
400 2507 467 2565 lieet,
479 2506 505 2554 in
517 2506 591 2555 rebus
599 2502 717 2570 jucundis
728 2505 785 2554 vive
797 2505 892 2565 beatus,

98 2617 131 2657 97.
145 2604 270 2645 0.1.11.e.
323 2590 386 2639 Vive
397 2605 491 2639 memor
502 2604 577 2653 quem
588 2587 623 2636 sis
635 2587 681 2636 eevi
693 2587 784 2638 brevis.
818 2588 880 2638 Haec
890 2588 934 2637 ubi
945 2588 1012 2639 dicte

97 2700 102 2709 ·
145 2655 171 2696 E·
180 2657 199 2695 ¹·
208 2656 282 2746 3¹35
323 2674 454 2737 Agrestem
465 2671 588 2737 pepulere,
601 2669 674 2719 domo
684 2669 748 2719 levis
760 2669 858 2730 exsilit;
876 2670 934 2720 inde

412 2813 414 2818 ·
474 2804 506 2843 te.
521 2802 652 2842 lmslumst.
829 2802 863 2843 94.
876 2802 970 2844 tumet.
