2475 3284
284 200 492 283 aurneinan
509 233 574 283 111.
597 233 618 284 J.
637 249 661 284 x.

133 365 176 415 Nil
186 369 280 430 praeter
291 365 397 415 Calvum
408 371 434 415 et
444 365 530 416 doctus
542 373 643 416 cantare
655 366 792 417 Catullum.

88 452 116 499 20
132 450 168 498 At
178 464 299 512 maguum
310 448 378 508 fecit,
390 448 456 512 quod
467 449 549 499 verbis
560 451 647 500 Graeca
658 449 757 499 latinis
829 437 830 441 ¹

131 532 243 581 Miscuit
279 531 300 580 0
312 530 361 580 seri
374 531 527 582 studiorum!
545 533 620 597 quine
632 532 725 597 putetis

130 613 238 665 Difficile
249 620 275 663 et
285 613 384 672 mirum,
396 613 496 663 Rhodio
507 614 573 679 quod
583 614 739 664 Pitholeonti

131 695 265 761 Contigit?
297 697 333 745 At
344 712 424 745 sermo
435 696 522 761 lingua
533 697 668 746 concinnus
679 704 783 761 utraque

131 780 243 840 Suavior,
255 785 285 829 ut
296 779 360 829 Chio
371 786 431 829 nota
443 779 464 829 si
476 779 610 830 commixta
621 780 724 830 Falerni
736 787 782 830 est.

85 867 113 914 rt
131 864 193 914 Cum
204 880 292 914 versus
304 862 397 922 facias3
415 868 439 912 te
451 862 534 927 ipsum
546 870 684 928 percontor,
696 879 729 912 an
741 870 833 913 etcum

130 945 201 995 Dura
211 944 260 995 tibi
272 945 414 1010 peragenda
424 944 461 995 rei
473 945 508 994 sit
518 961 594 994 causa
604 946 710 996 Petilli?

130 1029 231 1078 Scilicet
242 1028 336 1078 oblitus
347 1027 483 1093 patriaeque
494 1028 631 1093 patrisque,
642 1028 733 1079 Latine

131 1112 194 1162 Cum
205 1111 299 1161 Pedius
310 1127 398 1162 causas
411 1112 515 1161 exsudet
524 1112 654 1177 Poplicola
664 1119 738 1178 atque

130 1195 261 1254 Corvinus,
273 1194 363 1259 patriis
374 1194 543 1244 intermiscere
554 1195 634 1260 petita
909 1220 955 1260 (γον,
969 1221 996 1262 Α,
1005 1220 1031 1262 Ρ,
1041 1223 1086 1263 ³71.

84 1282 112 1328 30
128 1279 212 1328 Verba
223 1277 285 1327 foris
296 1277 378 1337 malis,
392 1277 511 1327 Canusini
523 1295 591 1327 moro
602 1277 731 1341 bilinguis.

127 1362 210 1426 Atque
222 1377 267 1424 ago
278 1377 334 1410 cum
345 1361 443 1410 Graecos
456 1361 562 1410 facerem
574 1367 649 1410 natus
661 1377 729 1410 mare
739 1359 804 1410 citra

128 1444 278 1503 Versiculos,
290 1443 371 1493 vetuit
382 1460 421 1493 mo
432 1444 479 1492 tali
490 1461 548 1493 voco
560 1443 688 1503 Quirinus,

128 1527 190 1576 Post
200 1526 309 1576 mediam
321 1532 418 1576 noctem
428 1526 506 1586 visus,
518 1543 574 1576 cum
586 1526 684 1576 somnia
694 1542 769 1577 vera:

128 1612 159 1660 In
171 1610 263 1660 silvam
274 1626 324 1658 non
335 1609 408 1675 ligna
417 1610 483 1658 ieras
494 1609 608 1659 insanius
620 1611 682 1659 acsi

83 1695 111 1743 35
127 1693 235 1756 Magnas
246 1692 389 1741 Graecorum
400 1691 474 1740 malis
485 1691 589 1756 implere
600 1698 722 1742 catervas.

127 1776 251 1840 'l'urgidus
262 1776 371 1840 Alpinus
380 1773 481 1839 jugulat
491 1775 551 1824 dum
563 1776 699 1825 Memnona
710 1776 816 1842 dumque

126 1859 238 1924 Deflngit
249 1858 331 1908 Rheni
343 1858 438 1908 luteum
449 1864 530 1923 caput,
542 1858 595 1908 haec
606 1875 652 1922 ego
662 1859 729 1919 ludo,
904 1866 948 1905 lua.
962 1866 986 1908 c.
997 1868 1016 1907 1.
1026 1868 1058 1907 31.
1068 1870 1088 1909 2.

126 1943 187 1998 Quae
199 1958 278 2007 nequo
289 1941 316 1990 111
328 1940 380 1991 aede
392 1948 482 1990 sonent
492 1941 615 1990 certantia
622 1940 707 2007 judice
718 1944 809 2007 Tarpa,
904 1950 954 1992 Par.
967 1953 995 1994 A.
1003 1952 1028 1994 P.
1037 1956 1083 1995 387.

125 2026 177 2075 Nec
187 2024 292 2074 redeant
301 2024 392 2073 iterum
404 2031 482 2089 atque·
489 2024 579 2073 iterum
591 2025 726 2089 spectanda
737 2026 860 2092 theatris„

79 2113 109 2158 40
125 2111 222 2173 Arguta
233 2096 362 2157 meretrice
373 2113 444 2172 potes
456 2107 575 2171 Davoque
587 2108 720 2158 Chremeta
903 2136 950 2173 ary,
964 2126 989 2166 Ε,
999 2128 1018 2167 1.
1029 2129 1061 2167 14.
1070 2131 1104 2168 42.

125 2192 248 2241 Eludante
260 2207 344 2240 senem
355 2190 432 2240 comis
443 2190 538 2254 garrire
549 2191 650 2240 libellos
902 2220 950 2257 ραν,
964 2211 985 2250 s,
995 2213 1014 2251 2.
1024 2214 1044 2251 6.
1054 2214 1086 2252 ῃ,

126 2275 198 2325 Unus
209 2274 330 2333 vivorum,
343 2274 458 2324 Fundani
467 2292 472 2333 ;
490 2274 572 2323 Pollio
583 2291 670 2338 regum
902 2294 948 2333 Pol.
962 2294 986 2334 0,
996 2296 1015 2335 2,
1025 2297 1044 2336 1.
1054 2297 1073 2335 9,

124 2357 202 2407 Facta
207 2357 281 2407 canit
291 2356 353 2421 pede
364 2363 403 2405 ter
414 2373 544 2421 percusso3
562 2357 627 2406 forte
639 2375 697 2422 epos
710 2375 768 2408 acer
903 2383 943 2411 ace.
958 2373 982 2413 E.
992 2374 1012 2412 2.
1022 2375 1041 2414 1.
1052 2376 1096 2413 165.

124 2441 162 2490 Ut
173 2457 246 2489 nemo
256 2439 349 2489 Varius
360 2439 442 2499 ducit3
460 2440 535 2488 molle
547 2446 621 2504 atque
632 2441 741 2490 facetum
834 2424 837 2429 ⁴

77 2527 107 2573 45
123 2523 232 2587 Virgilio
244 2528 386 2572 annuerunt
396 2523 533 2586 gaudentes
544 2539 601 2571 rure
614 2524 736 2576 Camenas.

123 2608 179 2656 Hoc
190 2613 251 2665 erat,
264 2612 366 2670 experto
377 2607 472 2655 frustra
483 2606 594 2655 Varrone
605 2607 714 2657 Atacino

122 2690 206 2754 Atque
216 2687 366 2753 quibusdam
377 2689 443 2749 aliis,
455 2689 544 2738 melius
555 2689 622 2753 quod
633 2689 741 2740 scribere
751 2707 857 2755 possem,

173 2811 206 2851 24„
221 2809 357 2852 laetemur.
440 2812 472 2852 27.
486 2811 571 2860 oblitos,
580 2810 605 2851 Β.
615 2811 679 2859 conſtr
692 2811 773 2854 tarint
