2475 3284
522 227 549 290 Ο.
567 229 705 279 ΗΟΒΑΤΙ
722 228 848 278 mcc!

247 630 289 733 u.
331 588 551 725 sumu
593 628 803 723 smum
845 627 1076 725 morou

151 1291 194 1330 Lib.
209 1290 232 1330 G.
244 1291 262 1328 1.
272 1288 305 1328 37.
314 1288 347 1326 30.

590 832 735 895 LIBER.

528 1021 806 1028 ——-.-—-———-,

654 1152 676 1202 Ι.

439 1286 493 1334 Irus
504 1283 624 1334 Liburnis
635 1283 702 1333 intsr
712 1285 765 1334 alta
776 1282 885 1343 navium,

471 1367 564 1426 Amico,
577 1368 769 1432 propugnacula,

439 1452 546 1501 Paratus
558 1467 630 1499 omns
642 1449 749 1500 Caesaris
760 1449 897 1515 periculum

472 1533 567 1593 Subirs,
579 1534 712 1593 Maecenas,
723 1540 774 1582 tuo.

439 1615 507 1673 Quid
517 1632 570 1675 nos,
582 1615 672 1680 quibus
684 1621 709 1665 ts
719 1615 774 1665 vita
785 1614 807 1664 si
819 1614 953 1680 superstite

471 1698 594 1757 Jurundr,
607 1699 629 1747 si
641 1706 734 1758 santra,
746 1698 852 1762 gravis?

440 1782 565 1831 Utrumne
573 1779 639 1846 jussi
651 1797 826 1845 persequemur
837 1780 922 1838 otium,

471 1864 530 1913 Non
541 1864 619 1924 dulce,
632 1864 659 1912 ni
670 1870 752 1913 tecum
764 1863 857 1912 simul?

440 1949 480 1996 An
491 1946 558 1996 huuc
569 1947 680 1996 laborem
691 1952 774 1995 ments
784 1945 870 2005 laturi,
882 1945 952 1995 decet

474 2029 530 2085 Qua
540 2029 606 2078 ferre
616 2046 666 2077 non
677 2030 766 2078 molles
777 2029 864 2078 viros?

440 2112 572 2171 Fsrsmus;
590 2118 615 2160 et
627 2119 651 2160 ts
662 2112 702 2161 vel
713 2129 757 2176 per
768 2111 871 2176 Alpium
878 2108 947 2177 juga,

473 2195 655 2259 Inhospitalem
666 2201 692 2244 st
703 2195 847 2253 Caucasum,

442 2277 488 2327 Vel
499 2277 634 2328 occidentis
646 2294 723 2342 usque
734 2277 767 2327 ad
779 2277 895 2327 ultimum
906 2277 989 2327 sinum

474 2360 544 2410 Furti
556 2377 687 2425 sequemur
697 2368 803 2427 pectore.

443 2442 532 2506 Rogas,
544 2448 616 2493 tuum
626 2444 711 2493 labore
722 2444 783 2508 quid
790 2442 876 2508 juvem
887 2461 943 2494 meo

475 2526 590 2576 Imbsllis
601 2543 631 2577 ae
641 2528 727 2576 firmus
738 2528 846 2592 parum?

443 2608 531 2658 Comes
542 2609 638 2659 minore
650 2626 705 2659 sum
716 2611 816 2659 futurus
828 2610 855 2659 in
866 2617 943 2669 metu,

475 2691 524 2748 Qui
536 2691 615 2757 major
626 2692 736 2743 absentis
747 2693 835 2743 habet:

434 2808 453 2847 5.
467 2806 503 2848 sit.
579 2808 611 2849 10.
625 2817 696 2857 quem.
772 2809 803 2848 18.
817 2809 921 2850 absentes
