2475 3284
116 1283 167 1322 por.
181 1271 205 1312 G.
216 1272 276 1312 1.31.
287 1272 319 1312 17.

120 1438 172 1476 mul.
181 1447 200 1476 v.
215 1437 259 1476 135.

121 2096 164 2137 ¹¹7·
178 2084 231 2126 (1.4.
241 2086 272 2124 15.
281 2086 312 2125 11.

121 2275 164 2316 ¹¹9·
178 2264 199 2303 S.
209 2263 227 2303 1.
237 2264 257 2303 9.
267 2263 298 2302 34.

116 2423 162 2469 sor.
175 2420 201 2461 Ε.
210 2421 229 2461 2.
240 2421 258 2461 1.
268 2421 312 2459 128.

589 215 618 276 Q.
634 213 772 266 HORAH
788 214 917 266 Fuscus

341 348 385 397 Me
398 346 553 413 Capitolinus
565 347 703 398 convictore
714 365 774 397 usus
785 348 911 411 amicoque

341 432 366 480 A
376 447 453 495 puero
466 437 511 491 est,
524 447 645 495 causaque
655 447 710 480 meo
721 432 845 496 permulta
856 437 957 494 rogatus
995 486 996 489 Ἴ

342 514 420 582 Fecit,
432 521 458 564 et
468 514 599 564 incolumis
610 515 682 563 laetor
693 514 758 578 quod
768 514 833 563 vivit
844 514 870 581 in
882 513 959 572 urbe;

343 596 392 646 Sed
402 603 485 647 tumen
498 597 614 656 admiror,
627 613 674 660 quo
685 601 757 661 pacto
764 594 886 660 judicium
896 595 961 643 illud

343 680 453 744 Fugerit.
486 680 626 743 Hionigrae
638 695 723 728 succus
734 678 853 741 loliginis,
865 679 917 727 haec
928 683 967 727 est
1096 680 1145 727 100

343 765 438 827 AErugo
449 780 531 824 mers-3
548 762 614 827 quod
624 762 715 811 vitium
725 762 811 826 procul
821 762 890 810 afore
901 759 994 809 chartis

343 848 425 911 Atque
436 846 520 895 animo
531 845 609 911 prius,
620 851 650 893 ut
661 844 683 893 si
695 844 755 908 quid
765 843 911 909 promittere
922 843 952 891 de
963 859 1003 891 me

343 929 450 978 Possum
461 929 530 978 aliud
540 945 606 988 rere,
617 927 745 992 promitto.
777 926 892 975 Liberius
904 925 926 973 si

344 1011 437 1060 Dixere
448 1011 514 1076 quid,
527 1011 548 1061 si
559 1013 624 1060 forte
631 1009 748 1076 jocosius,
759 1010 806 1058 hoc
816 1009 878 1057 mihi
886 1007 952 1073 juris

346 1095 409 1144 Cum
419 1095 493 1144 venia
503 1094 575 1144 dabis
586 1111 591 1143 :
608 1093 719 1143 insuevit
729 1099 801 1157 pater
812 1091 921 1157 optimus
932 1091 979 1140 hoc
989 1107 1029 1140 me
1098 1093 1146 1139 105

345 1176 383 1225 Ut
393 1177 504 1239 fugerem
515 1175 636 1241 exemplis
647 1175 765 1224 vitiorum
776 1190 877 1239 quaeque
889 1173 1006 1223 notando.

346 1258 409 1308 Cum
420 1275 459 1308 me
470 1259 619 1317 hortaretur,
631 1241 718 1323 parce,
723 1257 855 1321 frugaliter
865 1263 939 1321 atque

344 1340 460 1391 Viverem
470 1341 508 1390 uti
519 1347 649 1391 contentus
661 1357 696 1399 eo,
708 1340 773 1405 quod
784 1340 819 1388 mi
830 1340 883 1404 ipse
894 1345 1019 1404 parasset:

345 1424 434 1473 Nonne
445 1424 523 1484 vides,
534 1424 594 1473 Albi
605 1431 635 1472 ut
645 1424 711 1472 male
721 1423 792 1473 vivat
802 1423 869 1472 filius
881 1429 954 1487 atque

343 1507 436 1556 Barrus
445 1507 517 1570 inops
527 1509 538 1556 P
555 1523 673 1571 magnum
681 1506 860 1565 documentum,
870 1523 901 1555 ne
910 1506 1017 1570 patriam
1025 1521 1078 1554 rem
1097 1509 1143 1553 110

343 1590 449 1640 Perdere
460 1590 515 1654 quis
526 1590 596 1641 velit.
629 1591 654 1638 A
664 1590 733 1655 turpi
744 1589 883 1639 meretricis
895 1606 979 1638 amore
1044 1607 1050 1616 ⁴

343 1755 382 1804 Ne
393 1772 508 1819 sequerer
519 1755 635 1814 mochus,
647 1770 763 1804 concesse
773 1771 829 1804 cum
839 1770 928 1804 venere
939 1753 977 1801 uti

344 1836 458 1886 Possem:
477 1838 600 1902 Deprensi
612 1855 662 1887 non
673 1838 740 1887 bella
752 1844 790 1886 est
800 1839 868 1886 foma
879 1835 994 1895 Treboni,

343 1919 441 1970 Aiebat.
475 1920 588 1985 Sapiens,
600 1919 683 1970 vitatu
694 1920 800 1984 quidque
810 1919 892 1984 petitu
1097 1922 1144 1967 115

343 2002 382 2051 Sit
391 2003 488 2063 melius,
500 2019 588 2053 causas
599 2003 686 2053 reddet
696 2003 743 2052 tibi
753 2022 759 2063 ;
776 2002 812 2051 mi
824 2002 886 2051 satis
898 2008 943 2060 est,
955 2000 977 2050 si

344 2086 473 2135 Traditum
484 2088 516 2136 ab
528 2075 638 2151 antiquis
650 2103 744 2135 morem
756 2102 856 2136 servare
866 2092 991 2149 tuumque,

344 2169 410 2217 Dum
421 2170 529 2219 custodis
541 2186 606 2234 eges,
618 2170 698 2219 vitam
709 2171 849 2233 famamque
861 2168 925 2217 tueri

344 2253 495 2303 Incolumem
506 2270 622 2319 possum3
640 2254 715 2302 simul
726 2270 755 2302 ac
766 2252 894 2302 duraverit
905 2258 966 2301 oetas

343 2335 458 2384 Membra
469 2336 627 2399 animumque
638 2343 716 2395 tuum,
727 2335 799 2384 nabis
812 2335 865 2384 sine
876 2333 973 2384 cortice.
1004 2332 1044 2382 Sic
1054 2349 1094 2381 me

344 2419 480 2468 Formabat
489 2435 594 2483 puerum
605 2418 687 2478 dictis,
699 2425 724 2468 et
736 2418 789 2468 sire
796 2416 910 2482 jubebat.
1096 2418 1141 2465 121

344 2501 382 2550 Ut
391 2502 497 2551 facerem
508 2501 574 2565 quid,
587 2502 674 2552 Habes
685 2507 817 2560 auctorem,
829 2518 878 2565 quo
889 2500 966 2550 facies
978 2501 1038 2550 hoc:

344 2585 429 2633 Unum
441 2602 471 2633 ex
479 2581 605 2649 judicibus
617 2583 715 2633 selectis
726 2583 863 2643 obiciebat;

344 2667 401 2716 Sive
412 2667 520 2741 vetabat,
533 2669 573 2716 An
585 2667 632 2717 hoc
643 2667 801 2715 inhonestum
813 2672 838 2719 et
848 2665 937 2716 inutile
949 2666 1016 2715 factu

660 2798 693 2838 91.
707 2797 718 2837 1
731 2799 824 2846 pucrost.
