2475 3284
135 1130 179 1179 pla.
193 1129 220 1170 A.
230 1129 257 1168 P.
267 1130 312 1170 164.

138 1376 182 1415 ¹33·
196 1365 218 1406 S.
227 1366 246 1407 1,
257 1366 277 1407 2.
286 1366 319 1407 68.

138 1540 182 1580 ¹35·
195 1529 222 1570 A.
232 1530 256 1569 Ρ.
266 1531 311 1570 sta.

137 1700 172 1739 eil.
186 1698 207 1739 S.
217 1700 236 1739 2.
246 1699 265 1739 3.
275 1700 307 1739 82.

139 2054 188 2093 nup.
202 2045 227 2085 E.
237 2045 256 2085 1.
266 2046 284 2085 1.
295 2045 326 2086 10.

606 230 634 291 Q.
651 230 790 281 HORATI
806 230 932 281 FLACGI

360 362 460 412 Fundet
471 378 529 427 opes
540 362 689 428 Latiumque
700 364 787 414 beabit
796 363 875 413 divite
885 364 989 428 lingua;

360 446 526 496 Luxuriantia
537 455 681 511 compescet,
693 447 769 496 nimis
781 464 870 513 aspere
880 464 941 497 sano

360 529 467 579 Lavabit
477 530 553 588 cultu,
564 529 658 579 virtute
669 530 780 580 carentia
791 531 870 590 tollet,

360 612 482 661 Ludentis
493 612 600 678 speciem
610 612 683 662 dabit
693 620 719 663 et
729 614 891 678 torquebimur,
903 620 933 662 ut
943 612 986 678 qui

360 696 433 744 Nunc
444 696 567 760 Satyrum,
580 712 646 745 nuuc
657 703 780 760 agrestem
791 698 900 762 Cyclopa
910 702 1030 746 movetur.
1118 698 1167 746 125

360 778 517 829 Praetulerim
528 780 635 844 scriptor
645 780 739 829 delirus
750 780 865 845 inersque
875 780 963 838 videri,

360 862 428 912 Dum
438 878 494 912 mea
505 862 628 912 delectent
638 863 706 912 mala
716 879 756 913 me
767 864 807 913 vel
818 862 924 927 denique
935 864 1034 921 fallant,

361 946 442 1001 Quam
453 962 540 1011 sapere
551 952 577 995 et
587 945 663 1009 ringi.
696 945 758 995 Fuit
767 945 836 995 haud
847 945 966 1009 ignobilis
977 945 1063 1009 Argis,

361 1028 411 1084 Qui
422 1045 449 1078 se
460 1028 576 1078 credebat
586 1028 663 1078 miros
675 1028 761 1078 audire
771 1028 903 1093 tragoedos,

360 1111 393 1160 In
404 1127 481 1160 vacuo
492 1112 565 1160 laetus
577 1128 660 1161 sessor
671 1113 820 1177 plausorque
831 1111 944 1171 theatro;
1119 1114 1167 1160 130

362 1194 451 1244 Cetera
462 1194 504 1259 qui
515 1194 575 1244 vitae
586 1201 698 1244 servaret
707 1194 794 1244 munia
805 1201 872 1244 recto

361 1277 442 1337 More,
454 1278 534 1327 bouus
546 1294 606 1327 sane
617 1277 724 1339 ricinus,
736 1278 853 1328 amabilis
863 1277 963 1342 hospes,

361 1360 445 1411 Oomis
456 1359 483 1410 in
494 1377 603 1419 uxorem,
615 1367 701 1426 posset
711 1361 753 1425 qui
765 1360 892 1425 ignoscere
905 1360 984 1410 servis

360 1443 396 1493 Et
407 1443 478 1507 siguo
489 1445 549 1493 laeso
561 1460 610 1494 non
621 1443 733 1493 insanire
743 1445 846 1509 lagenae,

361 1527 451 1577 Posset
461 1526 503 1592 qui
514 1544 601 1592 rupem
612 1534 639 1577 et
649 1533 751 1592 puteum
761 1527 843 1577 vitare
854 1533 988 1592 patentem.
1118 1529 1166 1576 135

360 1610 412 1661 Hic
421 1610 465 1660 ubi
477 1617 637 1675 cognatorum
648 1610 737 1675 opibus
748 1610 862 1675 curisque
873 1611 979 1659 refectus

360 1693 467 1759 Expulit
478 1695 586 1743 elleboro
597 1694 710 1744 morbum
722 1691 846 1758 bilemque
857 1709 954 1743 meraco

360 1777 396 1827 Et
406 1776 472 1826 redit
482 1777 515 1826 ad
526 1793 594 1827 sese:
611 1778 659 1826 Pol
670 1794 709 1827 me
721 1777 854 1836 occidistis,
867 1776 948 1837 amici,

361 1860 419 1909 Non
431 1859 559 1919 servastis,
571 1859 615 1919 ait,
627 1859 667 1909 cui
679 1860 716 1910 sic
727 1867 826 1910 extorta
836 1861 953 1924 voluptas

361 1943 397 1993 Et
407 1942 522 2007 demptus
533 1960 578 2008 per
589 1942 642 1992 vim
652 1942 744 1993 mentis
756 1943 915 2007 gratissimus
926 1959 1002 1993 error.

361 2026 488 2075 Nimirum
499 2042 585 2091 sapere
597 2031 637 2076 est
647 2025 750 2092 abjectis
761 2026 824 2076 utile
836 2025 910 2091 nugis

362 2110 397 2159 Et
407 2109 583 2175 tempestivum
594 2109 679 2175 pueris
690 2109 821 2159 concedere
833 2109 927 2170 ludum,

362 2194 400 2242 Ac
411 2208 460 2241 non
471 2193 548 2242 verba
559 2192 629 2257 sequi
640 2193 731 2242 fidibus
743 2192 893 2243 modulanda
903 2191 1011 2251 Latinis,

138 2300 176 2330 nae
182 2301 211 2331 m.
217 2290 242 2331 Ε.
249 2290 338 2331 11819.
363 2275 412 2325 Sed
422 2292 487 2325 verae
497 2292 659 2340 numerosque
670 2275 803 2341 modosque
814 2275 922 2326 ediscere
932 2275 999 2325 ritae.

140 2452 184 2504 146.
197 2453 221 2494 o.
231 2455 250 2494 e.
259 2455 278 2494 1.
288 2455 321 2494 re.

363 2359 484 2415 Quocirca
494 2375 590 2409 mecum
600 2360 688 2423 loquor
697 2359 750 2409 haec
758 2360 897 2424 tacitusque
907 2358 1035 2408 recordor:

364 2443 391 2493 Si
402 2443 450 2492 tibi
462 2444 532 2492 nulla
543 2443 611 2492 sitim
623 2441 707 2491 finiret
717 2442 788 2507 copia
799 2442 915 2508 lymphae,

136 2549 187 2587 par.
201 2538 224 2578 0.
235 2541 254 2580 1.
264 2540 295 2580 31.
306 2539 338 2581 17.
364 2526 486 2575 Narrares
498 2524 599 2574 medicis
610 2543 616 2584 ;
634 2524 706 2588 quod,
718 2532 811 2589 quanto
822 2526 895 2590 plura
906 2524 1009 2589 parasti,

365 2610 447 2659 Tanto
457 2609 530 2674 plura
541 2607 619 2672 cupis,
632 2607 728 2657 nulline
739 2608 842 2657 faterier
853 2608 950 2658 audes?

366 2690 393 2740 Si
404 2691 494 2740 volnus
505 2690 552 2739 tibi
564 2697 704 2739 monstrata
715 2690 798 2739 radice
809 2691 850 2739 vel
861 2691 940 2740 herba

492 2822 538 2862 131.
549 2821 665 2862 helleboro.
809 2823 853 2863 141.
868 2823 988 2871 caperat.
