2475 3284
135 197 194 257 240
605 195 634 260 Q.
651 199 789 250 HORATI
806 199 934 252 sunuel

129 340 175 388 ser.
188 337 315 378 E.1.lt.8.
359 329 485 380 Indomita
496 330 589 381 cervice
601 333 675 392 feros,
686 332 833 398 ubicumque
843 335 953 383 locorum

130 423 179 471 sro.
193 421 218 460 n.
227 421 247 461 1.
256 420 318 460 lut.
359 413 459 473 Vivitia,
471 414 568 478 indigni
580 415 718 464 fretemum
729 431 844 480 rumpere
855 416 944 475 foedus,
1129 418 1161 466 35

134 505 203 551 cuju
217 503 240 543 0.
248 505 268 543 4.
276 504 296 544 3.
303 505 335 544 st.
359 496 474 547 Pascitur
485 496 511 546 in
522 503 635 547 vestrum
646 498 754 548 reditum
765 499 851 549 votiva
858 498 973 565 juvenca.

658 684 783 735 21v.

134 828 182 869 Au.
195 826 289 867 0.1.3t.
359 815 433 875 Arm,
445 820 586 865 nostrorum
597 829 739 867 sermonum
750 817 853 868 candide
860 816 947 883 judex,

134 889 181 919 “³'‘
194 878 215 918 S·
225 878 243 919 ¹¹
254 878 285 917 ¹⁰¹
295 876 327 917 ⁸⁶¹
360 897 427 955 Quid
438 913 504 948 nune
514 903 539 948 te
550 899 632 948 dicum
643 901 724 950 facere
734 900 761 949 in
773 900 873 964 regione
885 900 1008 951 Pedana?

359 981 469 1030 Scribere
481 980 546 1045 quod
557 982 629 1032 Cassi
640 982 784 1032 Parmensis
795 984 912 1047 opuscula
922 982 1015 1041 vineat,

359 1065 400 1113 An
411 1063 515 1113 tacitum
527 1064 604 1114 silvas
615 1065 682 1114 inter
692 1071 790 1131 reptare
802 1067 923 1125 salubres,

360 1147 495 1196 Cur-antem
506 1146 627 1212 quidquid
637 1147 740 1212 dignum
751 1148 863 1213 sapiente
875 1150 987 1213 bonoque
998 1149 1057 1198 est?
1148 1152 1165 1197 5

360 1229 416 1278 Non
429 1235 457 1277 tu
468 1246 556 1293 eorpus
567 1247 623 1279 eras
635 1230 689 1280 sine
700 1237 806 1295 pectere.
839 1230 874 1279 Di
885 1231 933 1280 tibi
945 1232 1060 1289 formam,

360 1312 394 1361 Di
405 1311 452 1361 tibi
464 1311 566 1362 divitias
578 1312 699 1362 dederimt
709 1320 835 1378 artemque
847 1313 953 1364 fruendi.

360 1394 427 1450 Quid
437 1401 527 1445 voveat
537 1394 603 1444 dulci
615 1395 739 1445 nutricula
749 1394 831 1460 majus
843 1397 951 1455 alumno,

360 1476 410 1532 Qui
422 1492 508 1541 sapere
519 1482 545 1525 et
555 1476 603 1525 fari
615 1477 696 1542 possit
706 1494 761 1542 quae
773 1478 875 1537 sentiat<
885 1485 911 1528 et
920 1479 960 1529 cui

360 1559 456 1620 Gratia,
469 1560 544 1618 fama,
556 1559 673 1609 valetudo
683 1559 813 1624 contingat
823 1560 921 1609 abunde
1133 1566 1168 1610 10

136 1669 194 1699 aian,
204 1657 227 1698 0.
236 1660 256 1698 a.
264 1657 296 1696 29.
302 1655 335 1700 14,
360 1643 395 1692 Et
405 1642 512 1692 mundus
523 1641 611 1701 vietus,
624 1658 673 1691 non
685 1642 814 1691 deficiente
825 1645 962 1693 crumena?

300 1783 303 1788 ,
361 1725 432 1775 Inter
442 1742 512 1790 spem
523 1741 662 1789 curamque,
674 1724 776 1775 timores
788 1725 854 1774 inter
865 1731 891 1774 et
901 1725 960 1784 iras,

138 1836 168 1874 13·
182 1823 311 1869 0.1.9.14;
361 1809 466 1857 Omnem
477 1807 548 1857 erede
559 1807 625 1856 diem
636 1807 683 1856 tibi
695 1806 815 1857 diluxisse
828 1824 984 1872 supremum:

217 1875 236 1913 3.
246 1874 278 1913 ²⁹·
286 1874 320 1913 42.
361 1891 441 1940 Grata
452 1890 617 1954 superveniet,
630 1907 684 1954 quae
695 1907 744 1939 non
756 1890 905 1954 sperabitur,
916 1890 985 1939 hora.

137 2001 181 2030 cur.
195 1989 219 2030 Ε.
229 1989 248 2029 1.
258 1990 277 2029 2.
286 1988 320 2028 29.
361 1975 404 2024 Me
415 1974 532 2039 pinguem
544 1979 569 2022 et
580 1973 687 2022 nitidum
698 1974 761 2023 bene
772 1979 858 2022 curata
869 1981 924 2022 cute
934 1973 1010 2032 vises,
1137 1978 1169 2024 15

362 2057 425 2106 Cum
436 2056 516 2105 ridere
527 2057 603 2116 voles,
615 2055 718 2119 Epicuri
729 2054 760 2105 de
771 2070 845 2119 grege
856 2071 966 2119 porcum.

745 2148 970 2280 v.5“

363 2366 390 2414 Si
401 2370 471 2429 potes
482 2361 609 2412 Archiacis
621 2360 726 2412 conviva
736 2362 877 2411 recumbere
889 2362 961 2412 lectis

362 2445 414 2496 Nee
424 2446 520 2495 modica
531 2461 617 2494 cenare
628 2444 702 2493 times
714 2445 768 2493 olus
780 2461 852 2493 omne
863 2446 964 2508 patella,

363 2531 482 2593 Supremo
493 2536 518 2577 te
529 2529 580 2577 sole
592 2526 666 2588 domi,
679 2528 810 2591 Torquate,
822 2528 935 2576 manebo.

362 2613 429 2662 Vina
439 2607 510 2661 bibes
521 2609 612 2660 iteruin
623 2611 705 2660 Tauro
717 2610 809 2660 diffusa
819 2610 940 2676 palustris

999 2179 1015 2196 a.

978 2219 989 2250 ³
1011 2232 1078 2291 Jiuv
1097 2235 1137 2295 bi·

409 2736 441 2768 ιν.
455 2729 473 2767 t.
488 2728 641 2776 thonoquest:
653 2729 733 2767 estem.
744 2729 773 2767 al.
825 2729 844 2768 9,
858 2729 983 2776 quam...ut
991 2728 1067 2776 possit.

534 2799 557 2831 v.
570 2790 671 2831 tholus.
714 2849 715 2852 Ἰ
753 2791 899 2839 aparustres.
