2475 3284
304 255 497 306 OARMHVUM
507 255 574 306 ΗΒ.
585 257 620 308 ΙΙ.
632 274 674 307 xx.

220 387 271 437 Fas
282 394 307 437 et
317 389 396 438 beatae
406 386 517 454 conjugis
528 388 642 439 additum

221 470 306 520 stellis
316 470 441 529 honorem,
452 477 565 535 tectaque
575 472 683 521 Penthei

253 551 363 617 Disjecta
375 570 423 603 non
434 553 484 603 leni
496 553 577 613 ruina,

286 635 389 685 Thracis
401 642 427 686 et
437 636 541 687 exitium
551 636 666 702 Lycurgi.

219 751 258 799 Tu
268 749 346 799 flectis
358 767 451 810 amnes,
463 756 492 799 tu
502 766 571 800 mare
582 752 730 800 barbarum:

221 834 259 882 Tu
270 832 392 897 separatis
403 832 494 881 uvidus
506 832 533 882 in
541 831 611 899 jugis

252 916 324 966 Nodo
335 921 431 965 coerces
442 916 556 981 viperino

284 998 440 1048 Bistonidum
452 997 506 1048 sine
517 997 604 1048 fraude
615 997 703 1049 crines.

218 1113 263 1171 Tu,
275 1129 350 1176 quum
361 1112 473 1177 parentis
485 1129 562 1177 regna
572 1129 618 1177 per
629 1112 732 1162 arduum

218 1195 311 1245 Cohors
322 1195 459 1259 Gigantum
471 1195 600 1246 scanderet
611 1195 697 1261 impia,

250 1277 368 1328 Rhoetum
379 1278 502 1328 retorsisti
513 1279 593 1328 leonis

282 1361 414 1425 Unguibus
425 1361 588 1427 horribilique
599 1361 679 1411 mala:

110 1480 119 1493 '
216 1477 378 1540 Quamquam,
390 1475 486 1525 choreis
498 1476 579 1541 aptior
590 1482 617 1526 et
623 1474 688 1541 jocis

216 1557 333 1623 Ludoque
344 1559 433 1617 dietus,
446 1576 497 1608 non
508 1567 548 1608 sat
559 1558 663 1608 idoneus

248 1642 343 1704 Pugnae
353 1641 474 1691 ferebaris
483 1658 490 1700 3
508 1640 551 1690 sed
563 1640 629 1690 idem

281 1723 354 1772 Paris
366 1739 421 1773 eras
432 1722 575 1787 mediusque
586 1723 656 1775 belli.

215 1839 249 1888 Te
260 1837 327 1889 vidit
337 1837 423 1887 insons
436 1837 556 1889 Cerberus
568 1854 643 1888 aureo

215 1921 298 1971 Cornu
309 1921 431 1980 decorum,
442 1919 534 1970 leniter
545 1926 655 1970 atterens

248 2004 366 2063 (laudam,
378 2010 404 2053 ot
414 2003 552 2053 recedentis
564 2003 679 2068 trilingui

281 2087 330 2137 Ore
341 2085 415 2152 pedes
427 2085 558 2151 tetigitque
569 2103 649 2137 crura.

450 2252 510 2302 XX.

214 2361 274 2410 Nor
285 2359 380 2409 usitata
391 2375 436 2408 nee
446 2358 514 2409 tenui
526 2360 594 2408 ferar

214 2444 299 2493 Penne
310 2442 423 2492 biformis
434 2440 609 2506 perliquidum
620 2441 714 2490 athera

246 2527 337 2577 Vates:
355 2542 432 2590 neque
443 2525 470 2574 in
481 2525 554 2575 terris
565 2527 681 2574 morabor

278 2609 402 2674 Longius:
418 2608 561 2673 invidiaque
573 2606 653 2673 major

213 2726 294 2775 Urbes
305 2725 451 2789 relinquam.
484 2723 542 2772 Non
553 2739 599 2787 ego
610 2739 746 2789 pauperum

110 2831 117 2839 ·
213 2808 317 2872 Sanguis
328 2814 466 2873 parentum,
478 2823 527 2857 non
539 2822 592 2871 ego,
603 2823 676 2872 quem
686 2822 766 2864 roras,

913 567 952 605 len.
965 565 987 607 S.
996 567 1015 606 2.
1025 567 1044 606 7.
1054 567 1086 606 93.

912 847 953 886 uvi.
967 846 991 887 O.
999 847 1019 886 4.
1029 848 1048 887 5.
1057 848 1089 887 39.

999 897 1018 937 1.
1028 899 1047 937 7.
1057 899 1088 937 22.

967 947 988 987 S.
998 948 1018 988 2.
1027 949 1046 988 6.
1056 949 1088 988 to.

907 1137 958 1177 prr.
971 1127 1107 1170 c.1.1a.1e.

910 1224 942 1256 22.
956 1215 979 1256 G.
989 1216 1008 1256 3.
1017 1219 1037 1258 4.
1046 1218 1079 1259 49.

907 2019 943 2059 tri.
956 2018 980 2059 C.
990 2020 1009 2059 3.
1019 2019 1050 2059 11.
1059 2019 1091 2059 2⁰.
