2475 3284
357 185 504 236 EPODON
520 184 580 237 XV.

169 319 292 384 Inceptoe‚
305 317 365 368 olim
376 319 525 383 promissum
536 335 644 378 carmen,
656 317 752 371 iambos

201 402 243 452 Ad
253 402 398 452 umbilicum
410 401 539 451 adducere.

168 485 226 534 Non
237 484 312 535 aliter
322 484 405 535 Samio
416 484 503 534 dicunt
513 484 605 536 arsisse
615 485 734 550 Bathyllo

201 569 360 616 Anacreonta
370 566 465 626 Teium,

168 650 218 708 oui
229 667 338 715 persaepe
350 666 411 699 aava
422 649 548 700 testudine
559 651 630 701 flevit
640 667 756 710 amorem,

201 734 259 783 Non
270 735 425 783 elaboratum
436 733 469 782 ad
480 733 576 797 pedem.

168 817 256 866 Uranie
267 817 321 881 ipae
332 816 421 866 miser:
439 815 505 880 quod
516 816 538 865 si
550 833 600 866 non
611 817 738 882 pulchrior
748 817 814 882 ignis

200 898 321 949 Accendit
331 900 458 948 obsessam
469 899 544 959 Ilion,

168 981 255 1032 Gaude
267 988 333 1032 sorte
344 989 402 1042 tua;
420 999 460 1031 me
470 982 598 1044 libertina,
610 1000 688 1048 neque
699 1000 749 1033 uno

202 1064 332 1126 Contenta,
344 1060 443 1129 Phryne
455 1071 572 1116 manerat

414 1135 429 1153 ⁸
437 1145 491 1187 κ,

321 1279 324 1285 ·
415 1222 496 1311 jv.

133 1398 194 1446 Nox
205 1401 267 1457 erat,
279 1403 305 1446 et
315 1397 375 1446 caelo
385 1397 499 1461 fulgebat
509 1397 582 1447 Luna
593 1414 680 1449 sereno

167 1480 238 1529 Inter
249 1478 346 1529 minora
357 1479 447 1539 sidera,

133 1562 197 1612 Cum
208 1568 244 1621 tu,
256 1578 403 1625 magnorum
413 1579 505 1613 numen
516 1564 607 1614 lasura
617 1564 727 1625 deorum,

166 1644 198 1693 In
209 1646 288 1695 verba
294 1643 398 1710 jurabas
410 1662 472 1705 maa,

84 1732 100 1777 5
133 1727 221 1778 Artius
232 1735 307 1792 atque
318 1728 410 1778 hedera
420 1744 522 1793 prooera
533 1728 700 1794 adstringitur
709 1730 767 1790 ilex,

166 1811 254 1862 Lentia
263 1811 393 1861 adhoerena
405 1811 543 1871 bracchiis;

134 1895 201 1944 Dum
212 1894 294 1960 peoori
305 1895 387 1959 lupus,
399 1902 425 1944 et
436 1894 520 1945 nautia
531 1894 639 1945 infestus
651 1895 729 1947 Orion

166 1978 291 2028 Turbaret
300 1977 433 2028 hibernum
444 1994 520 2038 mare,

133 2061 298 2125 Intonsoaque
310 2060 418 2124 agitaret
428 2060 555 2126 Apollinis
566 2077 628 2111 aura
639 2061 752 2127 capillos,

69 2148 99 2194 10
166 2142 230 2192 Fore
241 2142 308 2192 huno
318 2159 427 2193 amorem
438 2149 560 2194 mutuum.

133 2225 155 2276 Ο
166 2224 276 2275 dolitura
287 2241 342 2274 mea
353 2226 460 2275 multum
470 2226 564 2276 virtute
575 2226 671 2286 Neaera,

166 2309 241 2368 Nam,
253 2307 275 2356 ai
286 2307 347 2372 quid
357 2307 384 2357 in
395 2307 484 2357 Planco
495 2308 577 2370 viriet,

132 2392 191 2441 Non
202 2392 267 2443 feret
277 2390 391 2440 assiduae
402 2390 495 2456 potiori
505 2396 531 2441 te
542 2389 601 2443 dare
613 2398 706 2452 noctae,

165 2475 202 2526 Et
212 2480 305 2541 quaeret
315 2474 396 2524 iratus
407 2490 501 2539 parem,

91 2643 139 2676 m.
152 2635 187 2675 le.
200 2634 286 2683 quando
295 2643 346 2683 non,
354 2632 380 2674 B.
394 2633 405 2673 1
474 2633 506 2673 15.
519 2642 566 2673 nee.
623 2641 661 2675 xv.
674 2635 694 2674 5.
707 2624 841 2684 utrinrltur.

187 2696 220 2737 12.
233 2697 276 2737 virl
284 2699 334 2738 eat:
347 2698 389 2746 eat,
398 2707 438 2737 ona
447 2697 478 2736 al.
487 2696 576 2746 virtum,
583 2694 609 2736 T.
661 2699 693 2737 14.
707 2699 792 2747 quaerit.

450 2761 485 2799 nt

1036 189 1094 248 147

893 333 940 373 pro.
953 323 981 364 a,
990 323 1015 364 r.
1024 325 1057 364 45.

897 584 927 613 10.
941 573 1076 614 0.1.17.18.

893 1511 913 1540 2.
927 1499 1066 1541 c.1.12.4a.

893 1665 1052 1716 amm&

895 1756 913 1794 ς.
927 1746 952 1787 0.
964 1746 984 1785 1.
993 1747 1025 1786 36.
1034 1746 1067 1785 20.

894 1828 933 1866 len.
947 1826 968 1866 S.
978 1826 997 1865 1.
1007 1826 1026 1866 9.
1036 1826 1068 1864 64.

893 1907 938 1953 lup.
950 1904 990 1952 Ep.
999 1905 1020 1943 4.
1030 1904 1049 1943 1.

895 1956 939 1995 on.
952 1954 1005 1995 (1.3.
1015 1956 1046 1995 27.
1057 1955 1090 1994 18.

894 2076 931 2116 int.
945 2073 969 2116 Ο.
978 2076 998 2115 1.
1007 2074 1040 2115 21.
1049 2076 1069 2115 2.
