2475 3284
142 960 188 996 um.
202 955 227 997 Ε.
236 957 256 996 2.
266 958 285 996 1.
295 957 340 997 120.

141 1050 179 1080 cce.
192 1040 214 1081 S.
223 1041 243 1080 2.
252 1041 272 1080 7.
281 1040 326 1081 100.

139 2030 189 2071 Luc.
202 2028 226 2070 ll.
237 2031 255 2071 l.
264 2030 284 2070 6.
293 2030 326 2071 40.

614 230 643 291 Q.
659 230 798 281 HORATI
814 231 941 282 russel

367 362 451 412 Verna
461 361 609 412 ministeriis
621 363 654 412 ad
665 371 741 413 nutus
752 370 826 428 aptus
838 365 919 423 eriles,

367 443 498 493 Littarulis
509 445 603 494 Graecis
614 445 734 505 imbutus,
746 446 850 496 idoneus
861 447 911 496 arti

367 527 491 586 Cuilibet;
509 527 600 591 argilla
610 527 709 593 quidvis
720 529 860 579 imitaberis
871 529 935 589 uda;

367 610 434 665 Quin
446 610 522 660 etiam
534 618 606 661 canet
617 610 752 670 indoctum,
765 612 809 661 scd
819 612 890 661 dulce
901 612 1007 662 bibenti.

366 692 449 742 Multa
459 693 534 742 fidem
544 693 668 759 promissa
678 695 772 754 levant,
784 695 827 744 ubi
839 695 937 760 plenius
948 711 1018 760 aequo
1140 701 1173 745 10

364 776 464 825 Laudat
474 778 582 836 venales,
594 777 637 841 qui
648 778 701 827 volt
712 777 851 837 extrudere,
862 794 964 827 merces.

365 858 416 907 Res
427 865 499 923 urget
510 876 549 909 me
561 860 632 909 nulla
641 878 648 920 ς
665 876 720 909 meo
732 877 787 909 sum
798 877 893 925 pauper
902 859 930 909 in
941 876 997 909 oere.

364 942 444 990 Nemo
454 942 501 992 hoc
511 958 662 1006 mangonum
674 943 767 992 faceret
777 943 825 992 tibi
835 960 842 1002 ;
859 959 909 992 non
920 950 1012 993 temere
1023 960 1040 993 a
1051 959 1092 993 me

365 1024 454 1080 Quivis
467 1026 544 1074 ferret
555 1025 630 1075 idem.
664 1026 745 1075 Semel
756 1026 798 1076 hie
809 1026 917 1076 cessavit
928 1033 961 1086 et,
973 1033 1002 1075 ut
1012 1028 1050 1087 fit,

364 1108 396 1157 In
409 1107 482 1157 scalis
494 1108 570 1158 latuit
580 1114 693 1158 metuens
705 1108 837 1174 pendentis
847 1108 1001 1159 habsnae:—
1141 1113 1172 1159 15

364 1189 416 1239 Des
428 1206 549 1251 nummos,
561 1198 663 1257 excepta
675 1191 740 1241 nihil
750 1198 776 1241 te
788 1192 810 1241 si
822 1192 882 1256 fuga
892 1191 977 1252 laedit;

364 1274 413 1323 Ille
423 1274 489 1324 ferat
498 1273 607 1339 pretium
618 1290 698 1339 poenae
709 1291 818 1333 securus,
831 1275 930 1340 opinor.

364 1357 477 1407 Prudens
489 1356 572 1406 emisti
583 1357 711 1416 vitiosum,
722 1357 790 1407 dicta
800 1357 848 1408 tibi
860 1365 899 1407 est
909 1359 966 1407 lex:

364 1440 507 1505 Insequeris
518 1446 602 1489 tamen
613 1440 680 1491 hunc
691 1447 717 1490 et
728 1441 773 1490 lits
787 1440 893 1491 moraris
904 1440 998 1505 iniqua.

364 1523 425 1573 Dixi
435 1539 475 1572 me
486 1523 585 1587 pigrum
596 1523 762 1588 proficiscenti
773 1524 830 1584 tibi,
841 1523 894 1573 dixi
1138 1529 1171 1574 20

364 1606 468 1657 Talibus
479 1606 567 1657 officiis
577 1623 655 1672 prope
665 1623 788 1665 mancum,
801 1624 832 1656 ns
843 1623 898 1656 mea
910 1622 990 1656 saevus

364 1690 382 1739 J
382 1706 483 1754 urgares
495 1689 528 1739 ad
538 1696 564 1740 te
575 1689 641 1755 quod
652 1689 759 1754 epistola
769 1691 840 1740 nulla
851 1690 950 1740 rediret.

364 1774 431 1830 Quid
442 1780 496 1823 tum
507 1774 607 1839 profeci,
618 1789 715 1823 mecum
726 1773 845 1823 facientia
852 1772 912 1838 jura

364 1856 391 1906 Si
403 1863 487 1906 tamen
498 1856 661 1922 adtemptas?
694 1856 811 1913 Quereris
823 1873 898 1921 super
908 1857 955 1906 hoc
966 1855 1050 1916 etiam,
1062 1857 1131 1922 qnod

364 1940 515 2006 Exspectata
526 1940 573 1990 tibi
586 1956 636 1989 non
647 1939 747 1989 mittam
757 1940 868 1990 carmina
879 1940 995 1991 mendax.
1136 1944 1170 1990 25

363 2022 462 2072 Luculli
473 2022 546 2072 miles
557 2024 661 2073 collecta
672 2023 765 2073 viatica
775 2023 863 2072 multis
916 2033 921 2048 ¹

363 2106 502 2165 AErumnis,
513 2106 595 2155 lassus
607 2106 667 2155 dum
678 2113 753 2155 noctu
764 2105 855 2165 stertit,
867 2105 900 2155 ad
911 2122 992 2155 assem

363 2188 510 2238 Perdiderat
516 2206 522 2247 ;
539 2195 597 2253 pest
607 2188 654 2237 hoc
665 2188 797 2238 vehemens
809 2189 884 2253 lupus
896 2196 921 2238 et
933 2189 982 2238 sibi
994 2195 1019 2238 et
1029 2188 1099 2239 hosti

363 2271 447 2321 Iratus
459 2270 560 2336 pariter,
567 2268 663 2335 jejunis
674 2270 791 2321 dantibus
803 2287 866 2330 acer,

363 2353 510 2404 Praesidium
521 2353 604 2416 regale
616 2353 670 2402 loco
681 2351 778 2418 dejecit,
790 2361 819 2402 ut
830 2353 910 2412 aiunt,
1135 2360 1169 2405 30

363 2438 463 2487 Summe
475 2435 572 2484 munite
583 2441 609 2484 ct
619 2435 756 2486 multarum
766 2435 844 2485 diuite
855 2453 945 2486 rerum.

364 2519 453 2569 Clarus
465 2520 496 2568 ob
507 2517 534 2565 id
545 2518 639 2566 factum
650 2517 722 2567 donis
734 2526 838 2567 ematur
847 2519 958 2568 honestis
968 2538 974 2577 ;

363 2585 462 2667 Accipit
471 2607 497 2650 et
508 2599 547 2649 bis
558 2599 624 2648 dena
636 2617 710 2665 super
721 2600 836 2650 sestertia
847 2618 983 2650 nummum.

361 2758 473 2800 enerues
517 2759 536 2797 8.
545 2757 678 2805 imitabitur,
687 2773 706 2796 κ.
742 2758 773 2796 16.
782 2758 854 2799 laedat.
889 2759 1058 2808 18.tibi...lex;
1073 2760 1166 2802 rubin.

472 2821 503 2860 22.
518 2819 608 2859 veniret.
685 2821 717 2859 24.
730 2821 832 2860 attentas.
909 2823 941 2862 28.
956 2823 1071 2863 tremens.
