2475 3284
138 621 183 660 req.
196 610 217 649 S.
227 613 246 649 2.
255 610 275 650 4.
284 611 317 650 88.

137 707 171 744 ao.
185 695 267 735 1113.
279 696 311 735 lt.

137 790 184 827 ora.
198 778 321 820 0.3.1.29.

137 874 198 903 mom.
211 863 232 903 S.
242 865 261 903 2.
271 865 290 904 t.
299 865 332 903 45.

136 1106 187 1144 aud.
200 1105 225 1144 lt.
235 1106 254 1145 l.
263 1105 282 1146 1.
292 1106 324 1145 48.

134 1281 180 1318 cur,
189 1271 213 1310 E.
224 1272 242 1311 1.
252 1271 284 1311 38.
294 1272 313 1311 3.

135 1593 177 1632 coit.
191 1592 216 1632 E.
226 1593 244 1631 1.
254 1593 273 1632 3.
284 1594 303 1632 6.

132 2357 173 2395 tra.
186 2353 207 2395 S.
218 2357 236 2396 1.
246 2356 265 2396 9.
274 2358 307 2396 47.

187 2406 211 2446 Ε.
223 2409 240 2447 1.
250 2408 282 2448 18.
291 2408 324 2449 78.

609 190 638 251 Q.
653 189 792 241 HOBATI
808 189 933 240 most

725 388 801 439 VIII.

364 522 446 572 Onaso
456 522 564 587 gaudere
575 529 601 572 et
611 524 674 572 bene
685 538 738 571 rem
749 537 833 585 gerere
844 519 1002 569 Albinovano

363 606 438 654 Musa
449 612 536 670 rogata
546 607 619 665 refer,
632 604 716 655 comiti
728 604 861 669 soribaeque
871 604 986 653 Neronis.

362 688 389 736 Si
400 695 500 752 quaeret,
511 687 572 752 quid
582 704 663 752 agam,
675 687 715 737 dic
726 689 806 737 multa
817 693 843 737 et
854 687 957 752 pulchra
967 686 1107 734 minantem

361 769 452 819 Vivere
463 787 508 819 nee
518 777 583 820 recte
595 787 640 819 nee
651 769 761 819 suaviter
770 788 776 829 ;
793 769 860 818 haud
870 768 929 833 quia
939 767 1035 832 grando

362 852 509 902 Contuderit
519 852 583 901 vites
595 853 722 917 oleamque
733 851 893 901 momorderit
903 857 986 909 aestus‚
1148 854 1165 899 5

361 936 414 985 Nec
424 936 481 1000 quia
492 935 634 1000 longinquis
645 942 785 985 armentum
797 940 900 999 aegrotet
910 934 937 983 in
948 934 1031 998 agiis;

362 1018 410 1067 Sed
421 1018 479 1082 quia
489 1024 572 1068 mente
582 1019 666 1066 minus
676 1018 775 1068 validus
787 1033 861 1082 quam
872 1034 973 1081 eorpore
983 1023 1037 1066 toto

360 1101 406 1151 Nil
416 1101 502 1151 audire
512 1101 596 1161 velim,
608 1101 646 1150 nil
657 1101 758 1161 discere,
770 1101 835 1165 quod
846 1102 912 1150 levet
923 1116 1030 1164 aegrum

360 1184 431 1234 Fidis
442 1185 553 1234 offendar
563 1183 673 1243 medicis,
685 1184 780 1234 irascar
791 1182 887 1242 amicis,

361 1268 461 1317 (11111111
472 1268 571 1317 funesto
582 1274 716 1332 properent
726 1283 808 1316 arcere
819 1273 937 1326 vetern03
1132 1270 1164 1314 10

361 1351 422 1406 Quae
433 1366 535 1400 nocuere
547 1366 643 1414 sequar,
654 1349 749 1413 fugiam
760 1366 815 1415 quae
826 1351 924 1414 profore
935 1348 1049 1407 eredam5

359 1432 445 1482 Romae
457 1433 535 1482 Tibur
545 1449 626 1482 amem
637 1439 763 1492 ventosus,
775 1433 867 1499 Tibure
879 1432 992 1482 Romam.

359 1516 421 1565 Post
431 1515 490 1575 haec,
502 1522 532 1565 ut
542 1517 633 1575 valeat,
645 1532 693 1580 quo
705 1522 777 1580 pacto
788 1533 840 1566 rem
851 1522 923 1579 gerat
935 1522 960 1565 et
972 1532 1005 1575 se,

359 1598 397 1647 Ut
407 1600 503 1662 placeat
510 1596 598 1663 juveni
609 1605 755 1662 percontare
766 1605 843 1663 utque
854 1598 958 1648 cohorti.

359 1679 385 1728 Si
397 1679 468 1739 dicet,
480 1679 564 1740 Recte,
576 1680 684 1744 primum
695 1681 810 1745 gaudere,
822 1681 927 1730 subinde

358 1762 511 1828 Praeceptum
522 1763 640 1813 auriculis
651 1764 697 1814 hoo
708 1764 833 1814 instillare
844 1770 982 1813 memento:

358 1845 395 1894 Ut
405 1853 434 1895 tu
445 1847 578 1906 fortunam,
590 1846 627 1896 sie
638 1863 684 1897 nos
694 1854 728 1907 te,
741 1848 819 1905 Celso,
832 1848 946 1897 feremus.

731 2055 779 2105 IX.

356 2187 500 2245 Sari-rmus,
514 2187 611 2247 Claudi,
624 2186 742 2237 nimirum
753 2186 878 2250 intellegit
888 2203 961 2245 unus,

356 2269 450 2325 Quanti
460 2286 499 2319 me
510 2270 588 2319 facias
598 2288 604 2330 ;
622 2287 680 2319 nam
694 2288 750 2320 cum
761 2278 834 2334 rogat
845 2275 871 2319 et
881 2286 952 2334 prece
964 2269 1038 2333 cogit,

355 2351 454 2401 Scilicet
464 2358 494 2401 ut
504 2352 552 2402 tibi
564 2370 590 2402 se
601 2353 703 2403 laudare
714 2360 740 2403 et
750 2353 847 2402 tradere
858 2369 939 2410 coner,

355 2434 466 2497 Dignum
476 2441 558 2484 mente
569 2434 690 2499 domoque
700 2436 804 2499 legentis
815 2435 919 2485 honesta
930 2434 1046 2495 Neronis,

354 2517 459 2566 Munere
470 2534 526 2567 cum
538 2518 608 2581 fungi
620 2517 743 2583 propioris
755 2523 839 2567 censet
848 2517 931 2577 amici,
1144 2523 1161 2569 5

355 2599 422 2652 Quid
432 2599 526 2663 possim
536 2599 605 2649 videt
616 2616 646 2648 ac
657 2601 727 2649 novit
737 2617 776 2649 me
787 2600 886 2650 valdius
898 2601 960 2665 ipso.

354 2682 438 2731 Multa
448 2680 548 2745 quidem
559 2682 620 2740 dixi,
633 2698 676 2731 cur
687 2688 817 2731 excusatus
828 2682 937 2744 abirem;

354 2761 402 2813 Set
413 2762 494 2823 timui,
505 2778 561 2812 mea
572 2780 602 2813 ne
614 2763 716 2813 finxisse
727 2763 823 2813 minora
833 2771 942 2830 putarer,
