2475 3284
406 206 552 256 EPODON
569 206 610 259 VI.

208 336 284 397 Quin,
296 335 339 386 ubi
351 337 432 403 perire
440 337 527 403 jussus
538 339 704 405 exspiravere,

242 421 384 470 Nocturnus
396 438 522 471 occurram
533 422 620 482 Furor,

208 504 343 568 Petemque
354 505 439 554 vultus
450 506 539 554 umbre
550 505 633 555 curvis
644 505 777 570 unguibus,

241 587 303 643 Quos
313 586 353 636 vis
364 586 466 636 deorum
477 594 515 637 est
526 587 656 648 Manium

207 669 244 719 Et
253 668 371 733 inquietis
383 668 496 719 assidens
508 669 659 734 praeoerdiis,

242 753 337 802 Pavore
349 768 448 802 somnos
459 753 578 803 auferam.

211 836 263 885 Vos
274 836 348 885 turba
358 835 460 885 vicatim
471 835 530 885 hino
541 843 567 886 et
576 836 636 886 hino
647 837 714 886 suxis
726 845 812 902 petens

242 918 385 969 contundet
395 920 513 968 obscenas
524 934 595 969 anus.

209 1001 271 1051 Post
280 1001 407 1066 insepulta
417 1002 529 1051 membre
539 1001 655 1051 different
666 1002 719 1066 lupi

242 1084 278 1134 Et
287 1083 425 1148 Esquilinae
437 1084 525 1143 elitss;

209 1167 295 1231 Neque
306 1166 352 1216 hoo
362 1172 486 1231 parentes,
497 1166 546 1216 hen
556 1165 619 1215 mihi
632 1165 787 1231 superstites,

242 1249 365 1313 Effugerit
376 1249 558 1313 spectaculum!

490 1415 535 1465 VI.

209 1548 280 1605 Qum
291 1546 444 1597 immerentis
455 1546 567 1612 hospites
578 1564 662 1606 vexus,
675 1547 752 1607 cenis,

246 1631 355 1695 Ignarus
367 1631 498 1681 adversum
509 1632 599 1696 lupos?

210 1714 278 1771 Quin
289 1714 337 1764 huo
349 1714 443 1773 inanes,
456 1714 478 1763 si
489 1721 567 1779 potes,
579 1713 658 1764 vertis
669 1713 758 1774 minse,

243 1799 279 1848 Et
288 1814 328 1847 me
339 1814 506 1847 remorsurum
516 1796 601 1862 petis?
934 1820 954 1859 4.
968 1811 1017 1850 ss.
1028 1811 1087 1849 Les.

210 1881 284 1940 Nem,
296 1880 377 1945 qualis
388 1886 433 1929 ent
443 1880 577 1938 Molossus,
590 1887 634 1928 eut
645 1880 729 1929 fulvus
740 1880 831 1939 Lacon,
935 1894 985 1933 Mol.
999 1894 1019 1934 s.
1029 1895 1048 1933 2.
1058 1895 1076 1933 6.
1086 1894 1131 1934 114.

243 1963 332 2013 Amica
341 1962 381 2012 vis
393 1962 543 2027 pastoribus,

211 2048 292 2111 Agnm
302 2062 347 2111 por
358 2046 423 2095 ultus
434 2062 494 2095 eure
506 2046 606 2094 sublate
616 2044 695 2104 nives,

244 2130 408 2192 Quaeeumque
419 2127 540 2193 praeoedet
551 2129 612 2177 fero.

211 2213 257 2272 Tu,
269 2228 324 2261 eum
335 2210 446 2261 timendo
457 2226 515 2260 vooe
526 2209 655 2275 complesti
669 2227 762 2270 nemus,
828 2268 830 2272 Ι

244 2293 384 2360 Projeotum
395 2293 507 2343 odoraris
518 2293 609 2343 eibum.

211 2378 286 2437 Cave,
297 2393 369 2427 euve:
388 2392 493 2441 nemque
504 2375 531 2425 in
542 2376 622 2425 mulos
634 2375 784 2440 asperrimus

243 2462 336 2511 Perete
347 2460 409 2510 tolle
420 2476 525 2519 eornne3

213 2543 301 2600 Qualis
311 2543 443 2608 Lyoembae
454 2548 552 2606 spretus
563 2541 641 2591 infido
651 2557 734 2605 gener,
937 2554 982 2601 syc.
995 2555 1020 2593 Ε.
1029 2555 1048 2594 1.
1057 2554 1089 2594 19.
1102 2556 1134 2593 ⁴25.

245 2627 297 2675 Aut
307 2642 363 2676 acer
376 2625 457 2674 hostis
468 2625 573 2689 Bupalo.

150 2749 175 2782 V.
189 2743 222 2783 94.
236 2741 247 2782 i
260 2742 376 2782 deorumst.
428 2741 459 2781 98.
473 2741 600 2789 contundet,
609 2739 635 2779 B.
687 2740 730 2778 102.
744 2738 867 2788 effugerint.

323 2812 356 2845 vr.
370 2806 389 2845 1.
402 2803 546 2844 immerentes.
597 2805 617 2843 ὅ.
631 2802 695 2842 Lace.
