2475 3284
629 233 657 292 Q.
674 231 812 281 Herm
828 230 956 282 Feruor

384 365 409 413 Si
421 364 477 429 quis
488 364 623 414 amicorum
634 371 674 414 est
685 381 761 414 ausus
772 363 950 429 reprehendere
960 379 1075 422 versum;

384 449 447 497 Cum
457 449 511 497 loca
518 445 573 513 jam
584 449 689 498 recitata
700 447 850 498 revolvimus
861 447 1006 507 irrevocati3

385 532 447 581 Cum
457 532 625 580 lamentamur
636 549 685 580 nen
696 548 816 597 apparere
827 531 924 579 labores

384 614 489 663 Nostros
501 621 526 662 et
537 615 606 663 tenui
618 614 724 663 deducta
735 618 849 679 polimata
860 614 918 671 filo;

384 697 446 746 Cum
458 713 585 761 speramus
597 714 626 746 eo
638 713 690 746 rem
701 705 839 753 venturam,
851 702 881 744 ut
892 695 967 744 simul
977 700 1051 759 atque

384 779 501 828 Carmina
512 779 625 828 rescieris
637 796 682 828 nos
693 781 794 843 fingere,
806 763 951 828 commodus
958 779 1025 826 ultro

383 864 501 911 Arcessas
513 868 538 911 et
549 878 619 926 ogere
630 868 700 912 vetes
712 868 737 910 et
749 861 855 910 scribere
865 877 946 924 cogas.

383 945 432 994 Sed
443 951 526 994 tamen
538 951 577 993 est
588 961 670 1009 operae
680 944 789 1009 pretium
800 960 952 1007 cognoscere,
964 943 1050 1008 quales

383 1027 500 1076 AEdituos
511 1027 603 1076 habeat
613 1028 675 1076 belli
687 1033 798 1092 spectata
809 1026 923 1090 domique

384 1110 470 1159 Virtus
482 1109 585 1174 indigno
597 1127 647 1158 non
658 1109 835 1159 committenda
846 1113 932 1173 poeta.

384 1196 477 1243 Gratus
488 1193 633 1243 Alexandro
643 1193 696 1258 regi
707 1209 798 1257 magno
809 1193 859 1242 fuit
869 1193 913 1242 ille
967 1251 970 1257 Δ

162 1281 214 1320 CM·
227 1279 255 1319 A·
265 1280 289 1320 P·
299 1280 344 1321 357.
385 1278 514 1336 Choerilus,
527 1277 628 1326 incultis
639 1277 682 1341 qui
693 1276 807 1327 versibus
819 1283 844 1325 et
854 1276 920 1324 male
931 1275 997 1324 natis
1014 1337 1016 1342 ⁴

384 1360 494 1410 Rettulit
504 1367 624 1425 acceptos,
637 1361 719 1424 regale
731 1359 859 1417 nomisma,
871 1358 1008 1423 Philippos.

384 1443 433 1493 Sed
443 1444 521 1493 veluti
533 1450 640 1493 tractata
651 1450 736 1492 notam
747 1443 876 1506 labemque
887 1441 1018 1490 remittunt

384 1527 539 1584 Atramenta‚
551 1528 602 1575 fere
615 1526 748 1590 scriptores
760 1524 868 1575 carmine
880 1523 946 1573 fedo

162 1619 200 1657 lin.
214 1617 238 1658 Ε.
248 1618 267 1658 1.
278 1618 309 1659 le.
319 1618 351 1658 30.
385 1609 520 1675 Splendida
531 1610 598 1659 saeta
608 1609 700 1660 linunt.
734 1608 805 1658 Idem
816 1625 861 1657 rex
871 1607 922 1666 ille,
934 1610 1023 1671 poema

385 1692 434 1748 Qui
446 1698 498 1740 tam
509 1691 642 1741 ridiculum
652 1699 706 1740 tam
716 1707 772 1741 care
783 1690 900 1756 prodigus
912 1689 980 1749 emit,

385 1776 474 1825 Edicto
484 1776 572 1835 vetuit,
584 1791 615 1823 ue
627 1774 682 1838 quis
695 1792 721 1823 se
731 1782 821 1838 praeter
831 1773 937 1837 Apellen

162 1867 199 1907 ali.
212 1866 237 1906 Ε.
246 1867 266 1906 1.
276 1868 307 1906 16.
317 1867 349 1905 20.
385 1858 510 1922 Piugsret,
522 1864 567 1907 aut
577 1857 644 1906 alius
655 1857 765 1922 Lysippo
776 1857 876 1906 duceret
886 1872 936 1904 aera

385 1941 468 1990 Fortis
480 1940 618 1990 Alexandri
629 1942 727 1989 vultum
739 1940 891 1988 simulantia.
926 1937 998 1994 Quod
1010 1937 1031 1986 si

385 2024 511 2073 Judicium
523 2023 615 2072 subtile
627 2022 742 2072 videndis
754 2022 850 2071 artibus
862 2020 925 2069 illud

384 2106 425 2156 Ad
436 2107 513 2156 libros
525 2113 552 2155 et
562 2105 594 2154 ad
605 2106 657 2155 haee
668 2106 799 2154 Musarum
810 2104 875 2153 dona
885 2120 993 2162 vocares,

385 2192 497 2239 Boeotum
509 2190 535 2238 in
547 2205 631 2238 crasso
638 2187 737 2253 jurares
749 2193 805 2238 aere
818 2194 912 2236 natum.

238 2310 240 2314 -
384 2274 420 2321 At
431 2289 508 2336 neque
519 2271 668 2321 dedecorant
678 2269 722 2320 tua
733 2270 764 2319 de
776 2287 802 2319 se
810 2269 905 2335 judicia
917 2277 991 2333 atque

162 2362 207 2414 246.
220 2364 246 2403 Ε.
255 2364 274 2403 1.
284 2364 303 2403 ῖ.
313 2365 344 2404 24.
384 2357 498 2414 Munera,
510 2371 564 2419 quae
575 2356 655 2403 multa
665 2353 750 2403 dantis
761 2370 817 2402 cum
828 2352 902 2401 lande
913 2353 1025 2401 tulerunt

162 2454 207 2494 247.
221 2444 242 2483 S.
252 2445 271 2483 1.
281 2446 299 2483 5.
309 2445 349 2490 40;
385 2438 476 2487 Dilecti
488 2437 535 2486 tibi
546 2437 669 2501 Virgilius
680 2436 819 2500 Variusque
831 2440 924 2500 poetae;

162 2546 206 2595 248.
220 2544 272 2585 Μ
281 2495 351 2586 810Ῑὲ
353 2521 360 2534 '
384 2521 436 2570 Neo
446 2520 527 2584 magis
538 2519 649 2584 expressi
661 2519 744 2568 voltus
755 2535 800 2583 per
811 2523 888 2567 uinea
900 2517 978 2581 signa,

384 2605 465 2660 Quam
476 2619 520 2667 per
530 2602 596 2652 vatis
608 2619 670 2666 opus
681 2618 762 2650 mores
774 2600 898 2664 animique
908 2600 1019 2649 virorum

385 2687 514 2735 Clarorum
526 2690 655 2749 apparent.
689 2684 741 2731 Nec
753 2699 877 2731 sermones
890 2699 934 2746 ego
945 2683 1046 2731 mallem
1140 2685 1193 2733 250

410 2819 457 2858 222.
471 2816 636 2857 lumicorumst.
688 2815 733 2854 239,
746 2814 849 2863 Apellem.
906 2816 951 2855 247.
964 2814 1081 2864 Vergilius,
1090 2816 1110 2854 b.
