2475 3284
151 243 208 305 276

152 386 197 427 rae.
210 382 238 425 A.
247 383 272 425 Ρ.
282 384 328 425 aa.

149 565 181 595 ae.
194 553 215 595 s
225 554 245 594 1.
254 554 327 594 mse.

149 634 189 683 spi.
202 631 255 674 (1.4.
264 633 284 673 3.
293 633 326 673 24.

150 712 181 753 111.
193 709 222 752 Δ,
231 711 256 751 Ρ.
265 710 310 752 193.

588 262 590 266 ’
617 240 639 302 Q
662 241 800 292 HORAYI
817 241 945 292 nancel

375 374 442 430 Quid
453 374 584 440 Sophocles
596 380 622 424 et
632 374 738 439 Thespis
750 381 775 423 et
786 375 920 439 AEschylus
931 373 993 423 utile
1005 375 1109 425 ferrent.

374 457 518 523 Temptavit
528 474 624 522 quoque
635 474 696 517 rem,
708 458 730 506 si
741 457 816 521 digne
827 464 923 507 vertere
935 463 1027 522 posset.

373 540 408 590 Et
419 539 513 605 placuit
524 540 580 601 sibi,
593 546 684 590 natura
696 540 811 590 sublimis
823 546 848 590 et
858 558 929 601 acen
1132 545 1181 592 165

374 624 440 673 Nam
451 623 532 687 spirat
542 622 666 686 tragicum
678 622 741 672 satis
753 630 778 672 et
789 623 896 673 feliciter
906 622 988 682 audet,

374 705 422 755 Sed
432 712 531 770 turpem
542 703 616 770 putat
627 705 716 755 inscite
727 706 864 769 metuitque
874 706 984 755 lituram.

374 787 497 847 Creditur,
509 805 540 838 ex
550 788 632 838 medio
643 789 702 853 quia
712 804 753 838 res
764 788 876 848 arcessit,
888 789 979 838 habere

374 870 477 921 Sudoris
488 870 627 931 minimum,
640 871 684 921 sed
694 872 770 921 habet
781 872 899 921 comoedie
910 878 982 921 tanto

373 955 435 1004 Plus
446 953 536 1014 oneris,
548 960 642 1018 quanto
652 954 732 1004 venies
742 953 833 1003 minus.
867 953 982 1019 Adspice,
994 953 1103 1004 Plautus
1132 958 1180 1009 170

375 1037 429 1092 Quo
440 1029 512 1102 pacto
523 1043 607 1101 partes
619 1042 715 1086 tutetur
725 1037 834 1086 amantis
841 1036 942 1101 ephebi,

374 1119 412 1168 Ut
422 1119 502 1184 patris
513 1118 612 1177 attenti,
624 1118 722 1168 lenonis
733 1126 763 1169 ut
772 1119 901 1168 insidiosi:

375 1203 490 1259 Quantus
502 1201 535 1251 sit
546 1201 692 1251 Dossennus
703 1201 818 1251 edacibus
830 1202 856 1250 in
867 1201 994 1267 parasitis,

375 1286 456 1341 Quam
467 1301 516 1334 non
528 1284 648 1333 adstricto
659 1291 788 1349 percurrat
797 1284 896 1349 pulpita
908 1300 993 1343 sceco;

375 1366 459 1418 Gestit
469 1367 536 1416 enim
547 1383 677 1416 nummum
688 1366 714 1415 in
725 1368 819 1416 loculos
830 1367 967 1426 demittere,
979 1367 1097 1432 posthoc
1133 1367 1181 1422 175

376 1452 488 1510 Securus,
500 1448 573 1499 eadat
584 1464 616 1499 an
628 1455 696 1499 recto
707 1455 757 1499 stet
767 1450 854 1498 fabula
864 1450 924 1499 talo.

376 1534 456 1589 Quem
466 1532 527 1581 tulit
538 1532 570 1582 ad
582 1548 680 1581 scenam
691 1538 795 1582 ventoso
805 1531 893 1581 Gloria
904 1549 984 1591 curru,

376 1614 513 1665 Exanimat
523 1616 607 1664 lentus
619 1620 750 1679 spectator,
763 1614 863 1663 sedulus
874 1613 961 1663 inflat:

377 1698 418 1747 Sic
428 1699 489 1756 leve,
502 1697 538 1747 sic
548 1713 654 1762 parvum
665 1702 711 1756 est,
722 1697 834 1745 animum
845 1696 910 1761 quod
921 1695 1004 1746 laudis
1015 1714 1122 1747 avarum

377 1780 481 1830 Subruit
492 1785 537 1829 aut
547 1779 635 1829 reficit
669 1779 760 1829 Valeat
771 1796 811 1828 res
822 1779 925 1839 ludicra,
938 1780 1011 1829 sime
1133 1784 1181 1831 180

377 1864 466 1913 Palma
477 1869 567 1926 negata
577 1878 695 1921 macrum,
707 1861 799 1911 donata
810 1861 905 1912 reducit
916 1863 1032 1927 opimum.

377 1946 446 2011 Saepe
457 1944 534 1995 etiam
544 1944 662 1994 audacem
673 1945 745 2008 fugat
755 1944 801 1994 hoc
811 1951 935 2009 terretque
946 1950 1053 2011 patum,

377 2029 450 2085 Quod
461 2045 563 2078 numero
573 2029 666 2093 plures,
678 2027 772 2076 virtute
784 2027 911 2077 ethonore
921 2028 1038 2089 minores,

377 2112 475 2162 Indocti
487 2110 619 2175 stolidique
630 2117 656 2159 et
667 2110 807 2175 depugnare
818 2110 908 2175 parati,

378 2194 403 2244 Si
416 2193 541 2243 discordet
551 2209 633 2258 eques,
644 2191 727 2242 media
737 2192 804 2242 inter
814 2193 925 2243 carmina
935 2200 1041 2257 poscunt
1134 2199 1182 2246 185
1192 2248 1194 2250 ,

301 2319 306 2331 .
329 2319 336 2332 .
378 2280 431 2327 Aut
440 2294 527 2327 ursum
538 2282 583 2325 aut
592 2276 705 2341 pugiles;
721 2275 762 2324 his
775 2293 833 2325 nam
843 2277 972 2341 plebecula
983 2276 1090 2342 plaudit.

324 2368 331 2383 ·
378 2359 471 2409 Verum
482 2358 572 2424 equitis
584 2375 679 2423 quoque
686 2356 741 2423 jam
752 2357 870 2422 migravit
881 2360 913 2408 ab
924 2375 984 2408 aure
995 2361 1113 2425 voluptas

157 2698 194 2736 rel.
207 2693 231 2735 G.
240 2694 260 2734 3.
270 2694 329 2734 122.

380 2441 467 2491 Omnis
479 2442 512 2491 ad
522 2442 630 2491 incertos
642 2442 725 2490 oculos
737 2447 762 2490 et
772 2441 864 2505 gaudia
874 2457 947 2490 vana.
982 2472 985 2476 <

381 2525 504 2580 Quattuor
515 2530 560 2573 aut
569 2525 654 2590 plures
665 2525 744 2573 aulaea
755 2531 903 2588 premuntur
914 2523 941 2572 in
952 2524 1035 2584 horae,

380 2608 447 2657 Dum
458 2608 558 2671 fugiunt
569 2606 679 2670 equitum
690 2613 779 2655 turmae
790 2605 948 2670 peditumque
959 2613 1079 2668 catervae;
1135 2612 1183 2658 190

380 2691 441 2739 Mox
451 2690 560 2739 trahitur
571 2689 686 2737 manibus
697 2704 783 2751 regum
794 2689 894 2737 fortuna
904 2689 1013 2749 retortis,

406 2822 451 2861 118.
464 2821 540 2863 instat.
591 2821 636 2859 179.
651 2820 790 2867 missumst.
842 2821 886 2860 180.
900 2831 933 2862 ac.
985 2824 1030 2863 186.
1042 2824 1131 2872 gaudet.
