2475 3284
246 266 500 319 EPISTOLARUM
516 267 583 319 ΜΒ.
600 269 622 319 Ι.
637 269 689 321 xvi.
1030 272 1088 331 259

121 401 169 452 Sed
179 400 248 452 videt
258 402 324 452 hunc
334 400 415 451 omnis
427 400 514 451 domus
525 406 551 451 et
560 400 654 451 vicinia
664 407 719 452 totu

74 488 104 535 45
121 486 259 535 Introrsum
271 492 375 550 turpem,
388 484 525 550 speciosum
536 484 708 549 pelledecora.
890 490 932 540 pel.
946 490 997 531 M.
1006 491 1025 531 1.
1034 493 1067 533 ti.

11 573 12 594 ³
119 569 171 619 Nec
182 571 276 619 furtum
287 569 334 619 feci
345 585 391 618 uec
400 568 462 632 iugi,
475 568 497 618 si
508 567 569 617 mihi
581 568 649 618 dicct

120 652 218 711 Servius,
230 652 316 702 Hebes
327 652 443 717 pretium,
455 651 516 701 loris
528 668 577 701 nou
588 650 676 710 ureris,
688 650 736 701 nio.
892 667 937 698 ure.
950 656 990 705 Ep.
998 658 1019 698 4.
1028 658 1047 698 3.

120 735 177 784 Nou
187 735 312 784 hominem
323 733 408 784 occidi.
441 734 499 784 Non
510 750 596 799 pasces
606 734 635 783 in
645 750 716 784 cruce
726 750 819 783 corros.
893 751 938 780 cru.
951 741 973 780 s,
982 740 1002 781 1.
1010 741 1030 781 3.
1039 741 1072 780 82.

120 818 179 867 Sum
190 819 271 868 bouus
282 824 308 867 et
319 817 392 881 frugi.
427 816 523 867 Renuit
533 817 676 882 negitatque
687 818 815 867 Sabellus:
888 826 938 873 sm.
951 823 973 863 S.
982 824 1001 864 2.
1010 824 1030 866 t.
1039 824 1059 863 3.

11 887 12 914 i
73 903 103 951 50
121 901 213 951 Cautus
225 900 292 949 enim
303 898 393 949 metuit
402 900 501 949 foveam
511 900 593 964 lupus,
605 898 769 964 accipiterque
892 875 939 914 ω’
952 875 976 915 ⁰⁴
985 876 1005 914 ³⁸
1014 876 1034 915 ⁶⁹
1043 875 1075 914 38.

119 984 249 1050 Suspectus
259 984 368 1048 laqueos,
380 991 406 1032 et
416 989 529 1048 opertum
539 983 632 1033 miluus
643 983 752 1034 humum.

120 1066 232 1116 Oderunt
242 1081 343 1131 peccare
353 1065 413 1115 boui
424 1064 526 1115 virtutis
538 1081 636 1125 umore3

119 1150 157 1200 nu
168 1149 232 1199 nihil
242 1148 360 1199 admittes
371 1148 398 1198 iu
410 1155 435 1198 te
445 1148 579 1199 formidine
589 1165 683 1213 poeuae:

119 1232 157 1282 Sit
168 1248 225 1297 spes
236 1231 349 1291 fallendi,
360 1220 476 1282 miscebis
487 1248 558 1281 socru
568 1231 695 1297 profanis3

72 1318 102 1366 tt
118 1316 185 1368 Nem
194 1315 226 1365 de
236 1314 306 1365 mille
317 1315 383 1364 febae
392 1314 482 1365 modiis
493 1331 549 1364 cum
561 1314 666 1380 surripis
676 1332 762 1376 unum,

117 1398 244 1447 Damnum
255 1404 301 1455 est,
313 1413 362 1446 nou
374 1396 479 1457 fucinus,
491 1397 552 1446 mihi
563 1405 636 1462 pecto
646 1399 728 1449 leuius
738 1400 796 1450 isto.

118 1480 164 1529 Vir
174 1481 262 1538 bouus,
275 1493 347 1529 omne
357 1480 440 1529 iorum
448 1495 521 1543 quem
530 1487 626 1545 spectat
634 1488 660 1530 et
667 1498 739 1532 omne
747 1483 867 1543 tribunal,

119 1563 326 1628 Quandocumque
337 1562 396 1612 deos
406 1563 448 1612 vel
458 1579 532 1627 porco
543 1564 584 1613 vel
595 1565 658 1614 bove
668 1565 760 1629 pluent,

118 1647 272 1711 tenemur,
284 1647 357 1704 clere,
370 1647 503 1696 clun-ecum
514 1645 585 1707 dixit,
598 1649 697 1712 Apollo,
890 1659 934 1705 put.
946 1655 1067 1696 otono.

73 1731 103 1780 60
118 1728 201 1778 Istra
211 1736 295 1778 movet
305 1734 417 1778 metuens
428 1728 525 1778 audiri:
543 1729 651 1779 Pulchr-u
661 1731 784 1791 Iuveruu,

117 1812 159 1861 Du
169 1812 230 1861 mihi
242 1813 337 1873 fallere,
348 1812 381 1862 dc
388 1810 458 1877 justo
470 1818 602 1877 sanctoque
613 1812 700 1873 videri,
744 1800 753 1806 ’

118 1896 221 1945 Noctem
232 1895 339 1960 pemeus
350 1902 376 1944 et
385 1895 515 1945 fraudibus
527 1895 595 1946 obice
606 1897 712 1946 nubem!

120 1978 166 2034 Qui
179 1979 267 2029 melior
278 1995 357 2038 servo,
368 1978 410 2043 qui
421 1980 523 2029 liberior
534 1980 569 2028 eit
579 1996 678 2038 avarus,
890 1981 923 2029 63·
936 1980 958 2022 S·
968 1982 987 2022 ²·
996 1983 1015 2021 ⁷·
1025 1984 1058 2023 83·

118 2062 149 2110 In
160 2061 244 2111 triviis
254 2062 333 2111 fixum
343 2078 399 2111 cum
410 2078 436 2111 se
447 2061 558 2112 demittit
568 2063 599 2112 ob
611 2078 699 2122 assem,

73 2146 102 2193 65
117 2144 174 2193 Nou
185 2143 258 2194 video
265 2163 272 2205 ;
290 2144 400 2209 numqui
411 2145 501 2210 cupiet,
512 2153 606 2195 metuet
616 2161 726 2209 quoque;
743 2161 824 2210 porro,
891 2162 968 2192 euna.
977 2151 1027 2192 ΕΑ.
1035 2153 1088 2193 251.

119 2224 168 2281 Qui
178 2232 292 2275 metuens
302 2226 377 2286 vivet
389 2226 454 2277 liber
464 2226 526 2276 mihi
538 2244 587 2277 non
599 2228 647 2277 erit
657 2244 782 2293 umquem.

117 2308 232 2359 Perdidit
243 2324 320 2368 ermn,
331 2309 412 2359 locum
422 2310 524 2359 virtutis
535 2310 650 2370 deseruit,
663 2310 706 2375 qui

117 2392 219 2458 Semper
229 2392 256 2441 in
268 2391 380 2456 augenda
390 2392 495 2442 festinet
506 2399 531 2442 et
541 2393 655 2442 obruitur
665 2410 701 2444 re.

116 2475 229 2526 Vendere
240 2491 297 2526 cum
308 2474 389 2540 possis
400 2475 533 2540 captivum,
545 2476 653 2528 occidere
665 2477 732 2538 noli;

72 2561 101 2612 70
117 2558 213 2609 Serviet
223 2558 335 2608 utiliter:
354 2557 408 2607 siue
419 2565 505 2622 puscet
515 2558 591 2608 durus
603 2566 711 2624 oretque,

117 2640 366 2707 Nevigetncmediis
377 2642 469 2691 hiemet
479 2649 600 2692 mercator
610 2643 637 2692 in
648 2643 738 2704 undis;
891 2652 941 2682 M·
955 2641 1033 2683 S·¹·¹·
1044 2643 1063 2680 ⁶·

167 2802 201 2842 lt.
213 2800 328 2841 introrsus.
429 2801 461 2841 tt.
476 2800 632 2850 idomnumst;
644 2803 726 2842 utem.
735 2802 765 2841 al.

117 2864 151 2905 oi.
162 2862 247 2913 iustum
256 2865 407 2913 annumque,
417 2863 458 2913 (cp.
468 2863 489 2902 S.
499 2864 518 2903 l.
527 2866 547 2904 4.
557 2864 600 2912 tt.)
693 2866 725 2905 62.
739 2862 815 2914 obiice.

453 2928 485 2966 Η
