2475 3284
275 223 485 274 SAHRARUM
502 224 568 276 LIB.
591 226 627 277 II.
643 227 677 278 51.
1044 236 1102 293 221

122 354 206 405 Vellet
216 353 266 405 iter
276 355 371 406 faciens
384 363 409 406 et
419 355 459 407 cui
470 358 615 409 concredere
627 375 706 424 nugas

123 439 179 489 Hoc
190 454 285 503 genus:
304 439 529 504 Horaquotaest?
557 442 879 508 ThraxssthllinaSyro
904 461 1090 511 quo.0.3.19.7.

223 523 289 586 par?
963 514 988 554 5.
998 515 1017 553 1.
1027 515 1047 553 5.
1056 514 1089 554 eo.

77 608 107 655 45
123 604 253 654 Matutine
263 621 352 669 parum
364 611 449 655 cautos
456 603 511 671 jem
523 606 617 671 frigora
628 607 756 668 mordent3

123 687 158 737 Et
168 704 223 752 quae
234 687 328 738 rimosa
338 690 401 739 bene
413 688 571 754 deponuntur
581 689 608 739 in
620 707 688 741 sure.
854 683 857 688 ’

123 771 173 821 Per
182 776 264 821 tetum
275 771 322 822 hoc
332 779 431 837 tempus
443 770 578 837 subjectior
588 773 615 822 in
627 773 694 823 diem
705 780 732 823 et
740 774 828 824 horam

124 852 230 904 Invidiae
241 860 333 904 noster.
366 853 451 904 Ludos
463 859 619 920 spectaverat
629 872 687 915 una,

123 936 231 986 Luserat
241 936 269 986 in
280 952 380 1002 campo:
399 937 517 988 Fortuna
527 937 610 987 filius!
629 955 722 989 omnes.

79 1024 108 1071 50
123 1020 240 1085 Frigidus
253 1038 269 1070 a
279 1020 368 1070 restris
380 1026 468 1070 manat
477 1038 523 1085 per
533 1020 642 1086 compita
653 1037 750 1071 rumor:

124 1102 277 1167 Quicumque
288 1103 377 1152 obvius
386 1109 434 1162 est,
446 1118 486 1152 me
497 1103 618 1153 cunsulit:
638 1105 833 1164 Oboue‚-nam
844 1114 870 1158 te

124 1186 198 1244 Scire,
210 1184 270 1235 deos
281 1184 400 1249 quoniam
410 1184 513 1250 propius
524 1185 657 1250 contingis,
670 1193 801 1252 oportet-

124 1267 252 1332 Numquid
263 1268 294 1317 de
305 1268 381 1318 Dacis
393 1267 507 1319 audisti?
540 1268 585 1318 Nil
596 1270 717 1334 equidem.
751 1271 789 1321 Ut
799 1277 828 1321 tu

126 1351 227 1416 Semper
237 1350 288 1401 eris
299 1350 408 1401 derisor!
443 1352 479 1400 At
489 1367 576 1401 omnes
586 1351 613 1401 di
625 1352 754 1417 exagitent
764 1371 810 1414 me,

81 1435 110 1483 55
126 1432 152 1482 Si
163 1432 303 1498 quicquam.
337 1433 424 1489 Quid?
440 1433 564 1483 militibus
575 1434 700 1498 promissa
710 1436 842 1501 Triquetra

125 1517 223 1566 Praedia
234 1517 319 1566 Gaessr
330 1533 363 1565 55
375 1523 414 1566 est
424 1516 493 1566 Itala
504 1517 593 1567 tellure
605 1517 729 1571 daturus?

127 1599 258 1648 Jurantem
269 1615 309 1648 me
321 1599 383 1648 scire
395 1598 460 1648 nihil
471 1598 596 1652 mirantur
606 1606 636 1649 ut
645 1617 724 1650 unum

128 1680 226 1731 Scilicet
236 1680 329 1745 egregii
341 1682 472 1731 mortalem
484 1682 577 1746 altique
590 1682 684 1733 silenti.
904 1716 957 1745 mor.
971 1705 992 1745 s,
1003 1706 1021 1746 1.
1032 1706 1051 1746 6,
1061 1706 1093 1746 31,

126 1762 243 1813 Perditur
253 1765 306 1813 haec
317 1763 384 1813 inter
393 1764 485 1814 misem
496 1765 540 1814 lux
552 1781 601 1814 non
613 1765 667 1814 sine
678 1766 761 1816 votis:

83 1850 112 1897 60
128 1847 148 1897 0
160 1864 211 1907 rus,
222 1846 322 1912 qnando
334 1863 379 1912 ego
389 1853 415 1897 te
426 1846 570 1913 adspiciam,
582 1848 729 1913 quandoque
741 1850 826 1901 licebit

126 1929 199 1978 Nunc
209 1936 321 1978 veterum
332 1928 405 1979 libris
417 1946 483 1980 nune
494 1946 581 1980 somno
592 1938 617 1979 et
628 1930 751 1982 inertibus
762 1933 831 1983 horis
904 1967 955 1998 mm,
968 1958 990 2000 s,
999 1959 1018 1999 2.
1029 1959 1048 2000 7,
1058 1961 1102 2000 114.

126 2011 221 2061 Ducere
232 2010 347 2061 sollicitae
354 2010 466 2077 jucunda
477 2013 571 2062 oblivia
581 2013 661 2064 vitae?

128 2093 149 2143 0
159 2094 258 2158 quando
269 2094 329 2143 fsbs
339 2094 488 2160 Pythagora
499 2102 604 2160 cognata
615 2095 738 2162 simulque

127 2175 209 2226 Uncta
221 2176 283 2225 satis
294 2177 381 2241 pingui
393 2184 517 2242 ponentur
527 2180 639 2228 oluscula
649 2180 741 2230 lardo?
904 2204 947 2242 ola.
961 2203 983 2243 g,
993 2205 1012 2244 ρ,
1024 2206 1043 2245 7.
1053 2206 1085 2246 30⁸

6 2265 8 2270 ’
83 2260 111 2307 65
128 2258 245 2309 Onoetes
255 2276 370 2325 cenaeque
381 2259 469 2310 deum!
487 2261 577 2325 quibus
589 2261 644 2326 ipse
655 2264 751 2327 meique
963 2254 989 2294 Ε·
999 2256 1018 2295 ¹·
1027 2257 1047 2296 t.
1057 2258 1076 2297 2·

6 2689 9 2836 l

128 2343 194 2391 Ante
205 2342 296 2391 Larem
307 2343 436 2408 proprium
447 2360 533 2394 vescor
542 2361 681 2409 vernasque
692 2363 807 2412 procaces
904 2375 946 2406 rer.
960 2366 999 2414 Ep.
1008 2368 1028 2408 2.
1040 2368 1072 2407 55.

127 2423 204 2474 Pasce
214 2423 302 2474 libatis
313 2424 427 2489 dapibus.
461 2426 541 2475 Prout
551 2426 638 2491 cuique
649 2428 728 2478 libido
739 2436 785 2489 est,

128 2506 207 2556 Sioeat
218 2507 353 2572 inaequales
365 2508 454 2558 calices
466 2509 571 2559 5555155
583 2510 680 2559 solutus

127 2589 234 2654 Legibus
246 2590 352 2650 insanis,
365 2607 408 2641 seu
419 2592 475 2656 quis
486 2592 554 2656 capit
565 2591 633 2641 acria
644 2592 718 2642 fortis
904 2617 937 2671 ⁶9·
951 2618 974 2660 ρ,
984 2621 1004 2660 2.
1014 2623 1033 2661 7.
1043 2622 1074 2662 25.

346 2706 378 2746 44.
394 2706 516 2755 lquetust3
529 2707 609 2747 Threx.

176 2769 209 2809 48.
223 2767 329 2808 invidiae:
342 2770 435 2812 noster-
441 2771 578 2820 spectaverit.
603 2771 697 2818 Luserit,
706 2772 764 2815 Brut.

227 2832 261 2872 54.
274 2831 393 2873 holuscula.
565 2834 598 2873 67.
612 2833 726 2876 lubidost.
