2475 3284
129 2301 175 2348 sor.
188 2298 210 2338 S.
220 2298 239 2338 1.
248 2297 268 2337 4.
278 2298 322 2336 121.

135 2541 190 2582 (ἵνα.
203 2540 225 2580 Β.
234 2541 253 2580 2.
263 2541 282 2581 2.
292 2541 323 2580 11.

133 2627 174 2667 cle.
187 2625 212 2665 Ε.
221 2625 241 2666 1.
250 2625 282 2666 18.
291 2626 323 2664 21·

536 291 539 299 .
596 247 625 306 Q.
641 244 778 296 HORATI
796 243 922 295 FLACOI

449 377 574 427 Virtutem
585 377 733 428 incolumem
744 376 849 435 odimus,

481 460 611 510 Sublatam
623 479 654 511 ex
664 460 742 511 oculis
753 459 886 524 quaerimus
897 457 986 509 invidi.

449 542 516 598 Quid
527 543 611 593 tristes
623 543 789 608 querimoniae,

482 625 509 675 Si
521 642 570 676 non
582 626 703 690 supplicio
713 626 787 689 culpa
797 622 935 674 reciditur?

450 708 517 764 Quid
527 710 593 774 leges
605 711 659 759 sine
670 709 780 759 moribus

482 793 560 842 Venae
571 791 711 857 proficiunt,
723 792 745 841 si
757 807 836 855 neque
847 789 951 840 fervidis

450 875 513 925 Para
525 875 621 925 inclusa
632 874 755 925 caloribus

483 957 581 1018 Mundi,
593 975 638 1008 nac
648 959 734 1008 Bereae
745 957 880 1007 finitimum
890 959 965 1017 latus,

451 1042 600 1106 Durataeque
612 1043 665 1091 solo
676 1042 754 1100 nivea,
779 1093 790 1111 s

483 1124 648 1174 Mercatorem
658 1123 780 1187 abigunt?
796 1122 897 1173 horrida
906 1121 991 1173 callidi

451 1207 562 1256 Vincunt
572 1222 669 1270 aequore
681 1206 791 1256 nevitae?

485 1289 607 1353 Magnum
617 1287 747 1353 pauperies
758 1287 918 1353 oppmbrium
925 1285 1003 1353 jubet
1053 1294 1055 1298 ’

454 1370 558 1427 Quidvis
570 1377 596 1420 et
606 1371 686 1421 facere
698 1377 723 1420 et
733 1371 794 1435 pati,

486 1452 642 1516 Virtutisque
653 1452 721 1502 viam
732 1452 825 1502 deserit
834 1452 936 1503 arduae?

453 1537 501 1586 Vel
512 1552 557 1586 nos
569 1536 595 1585 in
608 1535 767 1600 Capitolium,

487 1619 542 1675 Quo
552 1619 645 1669 clamor
655 1625 727 1668 vocat
738 1624 764 1668 et
773 1618 847 1668 turba
858 1616 1003 1677 faventium,

453 1702 501 1752 Vel
511 1718 557 1751 nos
569 1700 595 1750 in
607 1718 675 1750 mare
686 1702 826 1765 proximum

487 1786 604 1834 Gemmas
616 1790 642 1834 et
651 1784 755 1849 lapides,
767 1801 855 1834 amum
866 1788 892 1833 et
901 1783 998 1844 inutile,

454 1867 549 1918 Summi
560 1866 689 1917 materiem
699 1867 768 1927 mali,

487 1949 628 2010 Mittamus,
640 1950 760 2000 scalarum
772 1949 794 1999 si
805 1950 868 2001 bene
878 1948 989 2014 paenitet.

400 2072 402 2077 -
455 2033 587 2084 Eradenda
598 2032 723 2098 cupidinis

488 2116 564 2167 Pravi
576 2122 636 2166 sunt
646 2117 783 2166 elementa:
802 2122 827 2165 et
837 2121 929 2165 tenerae
940 2113 1015 2164 nimis

455 2200 553 2250 Mentes
564 2199 732 2263 asperioribus

488 2281 636 2332 Formandae
647 2281 745 2332 studiis.
778 2281 866 2332 Nescit
876 2298 938 2346 equo
948 2280 1019 2330 rudis

456 2365 558 2415 Haerere
569 2364 692 2429 ingenuus
703 2378 772 2430 puer,

489 2447 630 2513 Venerique
640 2448 726 2508 timet;
743 2447 828 2497 ludere
839 2447 940 2508 doctior,

457 2532 505 2582 Seu
516 2532 602 2581 Graeco
609 2529 699 2596 jubeas
711 2531 803 2588 trocho,

490 2615 538 2664 Seu
549 2613 623 2663 malis
635 2614 714 2663 vetita
724 2612 822 2676 legibus
833 2613 902 2662 alea:

613 2809 647 2849 54.
659 2807 776 2854 firmandae,
785 2806 842 2847 Bent.
850 2806 902 2855 conj.
