2475 3284
291 228 502 281 sermenem
516 229 582 280 ΗΒ.
599 229 621 279 Ι.
638 229 670 280 vi

111 366 143 412 95
161 362 296 427 carpentes
308 361 356 412 iter
367 369 392 412 et
403 363 496 412 fartum
507 361 646 427 oorruptius
658 362 741 413 imbri.

160 445 264 495 Postera
275 451 411 510 tempestas
422 445 516 504 melior,
527 445 570 494 via
580 442 651 510 pejor
662 446 695 495 ad
705 464 783 511 usque

158 527 217 576 Bari
228 527 321 576 moenia
332 527 437 592 pisoosi;
455 528 512 577 dein
524 528 619 577 Gnatia
630 530 744 595 lymphis

158 609 234 659 Iratis
246 616 372 659 exstructa
383 610 452 660 dedit
464 611 577 676 risusque
584 610 709 677 jooosque,

2 710 5 729 r
158 693 223 742 Dum
235 695 336 743 flamma
347 693 401 742 sine
412 694 487 743 thura
497 694 631 758 liquescere
641 695 729 744 limine
740 712 810 746 saero

2 772 3 799 ;
94 780 142 827 100
157 776 309 826 Persuadere
320 777 394 841 eupit.
430 777 521 827 Credat
531 778 548 827 J
549 777 634 827 udaeus
645 780 743 843 Apelle,

157 859 213 908 Non
225 876 286 923 ego3
304 877 409 924 namque
420 860 478 910 deos
489 861 564 910 didiei
576 878 690 911 seeumm
704 879 777 926 agere
788 880 883 927 aevum3

157 942 215 1002 Neo,
227 942 250 992 si
261 942 322 1007 quid
332 943 389 992 miri
400 943 478 992 faciat
489 950 585 1004 uotiua,
596 943 656 993 deos
667 945 694 993 id
917 962 961 992 101.
975 952 999 991 c.
1009 955 1027 993 1.
1038 953 1069 992 34.
1079 955 1099 994 2.

157 1024 252 1074 Tristes
263 1043 294 1074 ex
305 1026 357 1075 alto
367 1026 421 1075 eaeli
432 1026 563 1076 demittere
574 1033 647 1087 teoto,

157 1107 319 1157 Brundisium
329 1109 410 1172 longae
420 1109 478 1158 finis
490 1109 629 1175 chartaeque
640 1109 735 1175 riaeque
746 1118 791 1161 est.

460 1316 516 1367 ur.
594 1293 597 1297 ’

156 1448 215 1498 Nou
227 1446 293 1512 quia,
305 1448 436 1509 Maeoenas,
447 1449 574 1513 Lydorum
585 1449 705 1515 quidquid
715 1451 835 1501 Etruscos

157 1531 267 1580 Ineoluit
277 1532 349 1591 fines,
361 1548 433 1594 nemo
444 1532 588 1596 generosior
598 1541 637 1582 est
647 1540 681 1593 te,

156 1615 207 1664 Nee
217 1614 285 1679 quod
295 1631 357 1665 aviis
368 1615 415 1663 tibi
427 1622 554 1665 maternus
566 1616 615 1665 fuit
626 1622 700 1680 atque
710 1625 829 1682 paternus

156 1696 223 1746 Olim
234 1697 278 1761 qui
288 1697 386 1760 magnis
397 1697 537 1761 legionibus
548 1698 729 1763 imperitarent,

125 1782 139 1829 ὁ
156 1780 193 1828 Ut
203 1779 316 1844 plerique
328 1781 419 1845 solent.
429 1797 490 1829 naso
501 1781 632 1845 suspendis
643 1782 738 1831 adunco
914 1801 959 1830 eas.
973 1792 994 1830 S.
1004 1795 1023 1831 r.
1033 1795 1052 1831 8.
1062 1795 1094 1833 04.

155 1862 258 1926 Ignotos
269 1869 298 1911 ut
308 1879 348 1911 me
359 1862 477 1912 libertino
487 1870 558 1927 patre
570 1870 664 1914 natum.
914 1893 948 1931 uo.
963 1843 1111 1933 EE'1¹2‚}‚⁹2{‚5'

156 1945 217 1994 Cum
228 1946 320 1995 referre
331 1961 415 2009 negas,
427 1946 494 2010 quali
506 1946 540 1994 sit
551 1946 653 2011 quisque
663 1955 766 2011 parente

132 2070 135 2073 ,
154 2029 244 2089 Notus,
256 2029 316 2078 dum
327 2029 464 2093 ingenuus:
482 2030 616 2094 persuades
628 2030 674 2079 hoo
684 2031 732 2080 tibi
743 2048 810 2091 vere,

154 2113 221 2161 Ante
232 2117 381 2176 potestatem
393 2113 460 2161 Tulli
471 2119 545 2176 atque
556 2112 666 2176 ignobile
677 2129 781 2177 regnum

108 2198 137 2242 10
153 2194 250 2243 Multos
262 2211 326 2258 saepe
337 2194 405 2245 viros
417 2195 493 2243 nullis
505 2193 642 2260 majoribus
654 2202 721 2245 ortos

153 2275 188 2324 Et
198 2275 292 2325 vixisse
303 2277 401 2340 probos,
413 2277 504 2341 amplis
516 2284 541 2326 et
550 2277 686 2326 honoribus
697 2284 781 2327 auctos
791 2296 798 2337 ;

157 2359 251 2408 Contra
261 2359 397 2418 Laevinum,
409 2359 495 2409 Valeri
505 2376 591 2424 genus,
602 2360 667 2408 unde
679 2361 803 2425 Superbus
911 2374 962 2412 orel.
976 2373 999 2413 C.
1011 2375 1028 2413 1.
1039 2376 1069 2413 12.
1078 2376 1109 2414 17.

153 2441 304 2505 Tarquinius
316 2457 392 2505 regno
403 2442 490 2506 pulsus
501 2442 574 2506 fugit,
586 2442 660 2491 unius
672 2443 736 2491 assis

154 2524 211 2572 Non
221 2540 339 2588 umquam
350 2523 429 2588 pretio
439 2524 519 2588 pluris
530 2524 630 2573 licuisse
641 2531 743 2574 notante

109 2609 138 2656 15
154 2605 242 2656 Judiee
254 2623 302 2670 quo
314 2607 380 2655 nosti
391 2608 489 2672 populo,
502 2607 543 2671 qui
556 2607 647 2656 stultus
659 2608 764 2657 honores

153 2688 222 2753 Saepe
233 2688 278 2737 dat
288 2688 398 2753 indignis
410 2695 436 2738 et
446 2689 519 2738 famae
530 2689 608 2739 servit
617 2689 725 2754 ineptus,
912 2699 955 2739 ord.
970 2699 994 2738 Ε.
1006 2701 1023 2738 1.
1035 2700 1065 2738 16.
1075 2700 1107 2738 34.

139 2828 161 2860 v.
174 2820 207 2863 97.
219 2819 304 2861 dehinc.
355 2821 387 2861 09.
400 2821 459 2861 tura.
508 2821 556 2862 104,
567 2820 703 2870 lumnam
715 2822 796 2863 estem.
805 2823 834 2863 al.

476 2899 496 2937 N
