2475 3284
201 297 203 301 «
296 262 492 314 CARMINUM
508 264 575 314 ΗΒ.
592 263 640 315 IV.
657 263 692 314 ix.

188 395 250 445 Post
260 401 365 446 mortem
376 395 480 446 ducibus
490 415 496 457 ;
514 413 563 445 non
575 397 665 446 celeres
677 396 750 460 fugae,

188 476 342 543 Rejeetaeque
353 485 490 529 retrorsum
501 478 655 529 Hannibalis
666 478 749 538 minae,

188 561 246 610 Nou
256 559 370 611 inoendia
382 560 540 625 Carthaginis
551 561 643 626 impiae,

188 641 259 709 Ejus,
270 643 313 708 qui
324 643 419 694 domita
429 661 519 694 nomen
530 645 562 693 ab
572 644 660 693 Afriea

187 726 309 776 Lueratus
320 726 401 787 rediit,
412 727 504 776 elarius
515 726 629 776 indicant

187 808 293 868 Laudes,
306 826 380 874 quam
391 809 505 859 Calabrae
515 809 642 860 Pierides:
661 827 746 876 neque,

187 892 215 942 Si
226 892 318 943 ehsrtae
328 892 427 952 sileant,
438 893 504 957 quod
515 894 577 942 bene
588 892 684 953 fereris,

185 975 326 1025 Meruedem
336 974 432 1025 tuleris.
467 975 534 1032 Quid
544 977 609 1026 foret
620 976 676 1026 Iliae

186 1057 358 1123 Mavortisque
369 1075 438 1123 puer,
450 1058 472 1107 si
483 1058 643 1109 taciturnitas

188 1142 307 1191 Obstaret
317 1140 414 1190 meritis
425 1141 511 1192 invida
522 1141 642 1192 Romuli?

104 1230 115 1239 '
186 1225 308 1289 Eteptum
320 1223 414 1289 Stygiis
425 1224 543 1274 fluctibus
551 1225 658 1274 AEaeum

93 2655 108 2702 5

186 1308 275 1356 Virtus
286 1313 312 1357 et
322 1309 395 1356 favor
406 1313 432 1357 et
443 1306 530 1371 lingua
540 1308 680 1373 potentium

187 1391 281 1440 Vatum
291 1389 414 1440 divitibus
426 1397 553 1440 eonseerat
563 1391 662 1441 insulis.

188 1472 299 1536 Dignum
311 1472 384 1523 leude
396 1472 478 1523 virum
488 1474 564 1522 Musa
574 1479 645 1522 vetat
655 1473 733 1524 mori:

187 1556 254 1605 Caelo
265 1556 341 1605 Musa
352 1556 417 1606 beat.
453 1555 493 1605 Sie
501 1555 518 1604 J
519 1555 573 1606 ovis
585 1555 691 1606 interest

186 1639 288 1704 Optatis
299 1638 380 1704 epulis
392 1638 497 1704 impiger
508 1639 629 1688 Hercules
639 1655 645 1688 ε

186 1722 290 1771 Clarum
301 1720 450 1785 Tyndaridae
462 1721 531 1770 sidus
542 1722 575 1770 ab
587 1721 681 1771 infimis

185 1806 298 1861 Quassus
309 1803 420 1869 eripiunt
430 1804 570 1869 aequoribus
581 1810 664 1854 rates:

185 1887 297 1937 Ornatus
307 1886 384 1936 viridi
395 1893 508 1951 tempora
518 1887 637 1953 pampino

181 1970 260 2019 Liber
270 1976 329 2020 vota
340 1971 418 2020 bonos
429 1969 499 2020 ducit
510 1970 543 2020 ad
554 1970 644 2021 exitus.

451 2108 454 2119 Ι
465 2153 513 2203 ΙΧ.

218 2285 260 2334 Ns
271 2286 334 2335 forte
345 2284 432 2335 eredas
443 2283 654 2349 interitusque,

217 2368 302 2433 Longe
314 2374 444 2418 sonantem
455 2374 528 2417 natus
540 2367 572 2417 ed
583 2366 708 2427 Aufidum,

251 2452 308 2501 Non
319 2458 377 2500 ante
388 2451 502 2515 volgatas
513 2466 558 2516 per
568 2456 636 2499 artes

283 2533 367 2583 Verba
378 2534 465 2598 loquor
477 2532 593 2583 socianda
604 2531 718 2592 chordis3

217 2650 282 2709 Non,
295 2650 316 2700 si
327 2651 422 2715 priores
433 2649 556 2705 Maeonius
567 2655 637 2699 tenet

218 2732 293 2782 Sedes
304 2733 436 2792 Homerus,
448 2731 587 2783 Pindarieae
597 2733 686 2793 latent,

209 2847 390 2889 nmmum&
573 2848 755 2898 mmmmm.

469 2914 499 2952 H

1056 263 1115 321 H5

918 543 1060 592 amit

917 622 1084 662 wath&

963 673 1075 721 &aaa

917 987 1089 1029 WAEAQQ

916 1151 1084 1202 autea

915 1504 1086 1546 aseae
1122 1482 1127 1491 ¹

915 1668 1071 1717 gustata

915 1752 1075 1801 3aQLtQ

1028 1807 1100 1846 Mffi.

914 1931 945 1970 ῃ.
958 1920 982 1962 0.
992 1922 1011 1962 3.
1020 1923 1052 1963 25.
1062 1924 1093 1963 20.
