2475 3284
151 635 188 671 cot.
202 632 225 672 0.
235 633 254 671 2.
264 632 324 671 1.12.

152 726 201 755 com.
216 714 237 755 S.
246 716 266 755 1.
275 716 295 755 4.
305 716 324 755 2.

622 201 803 297 11101111
822 237 948 288 rancor

376 370 437 425 Quae
447 374 564 419 canerent
575 376 725 434 agerentque
736 369 849 435 peruncti
861 370 963 419 faecibus
975 387 1025 421 ora.

376 453 438 501 Post
448 452 515 501 hunc
526 469 638 517 personae
648 454 770 517 pallaeque
780 461 892 517 repertor
902 454 1011 503 honestae

375 535 510 599 AEschylus
522 541 548 585 et
558 529 662 585 modicis
674 535 793 585 instravit
803 535 902 601 pulpita
913 536 991 600 tignis

375 617 409 666 Et
420 618 504 667 docuit
514 613 680 682 magnumque
689 618 757 682 loqui
769 618 864 682 nitique
875 619 1001 668 cothurno.

376 700 499 749 Successit
509 706 581 749 vetus
592 700 633 749 his
645 699 770 758 comoedia,
783 717 833 749 non
845 700 899 749 eine
910 701 989 749 multa

375 781 473 842 Laude;
492 782 573 831 sedin
584 782 675 831 vitium
686 783 791 832 libertas
803 782 895 845 eicidit
906 789 932 832 et
942 783 993 832 vim

376 864 483 927 Dignam
494 865 547 940 lege
559 865 626 938 regit
640 865 686 918 lex
696 872 736 936 est
746 853 846 930 accepte
856 866 994 929 chorusque

376 947 494 1012 Turpiter
505 948 609 997 obticuit
620 948 784 1013 sublatojure
798 948 909 998 nocendi.

293 1041 295 1045 ’
376 1031 420 1079 Nil
432 1031 608 1106 intemptatum
619 1031 699 1090 nostri
711 1025 903 1096 liquere'poetae‚
966 1077 969 1083 .

152 1536 196 1572 lua.
210 1533 232 1573 S.
242 1533 303 1572 1.10.
313 1532 344 1571 65.

153 1697 183 1734 lit.
196 1695 221 1733 Ε.
230 1695 250 1733 2.
260 1695 279 1733 l.
289 1694 334 1732 167.

153 1877 197 1917 295.
212 1866 232 1906 S.
243 1867 262 1905 1.
271 1867 291 1905 4.
300 1865 333 1905 43.

152 1957 198 1985 son.
212 1946 237 1985 Ε.
246 1947 265 1985 1.
275 1946 307 1985 19.
317 1946 336 1985 3.

153 2279 202 2319 Aac.
216 2278 237 2319 S.
248 2280 267 2319 2.
277 2280 296 2319 3.
306 2279 344 2325 83;

263 2336 264 2339 ’
307 2331 352 2369 166.

375 1114 427 1163 Nec
438 1113 569 1163 minimum
581 1115 784 1174 meruere-decus,
797 1109 904 1178 vestigia
915 1116 1003 1164 Graeca

375 1195 438 1245 Ausi
450 1196 562 1245 deserere
574 1202 599 1245 et
610 1182 735 1245 celebrare
746 1185 881 1263 domestica
893 1198 966 1256 facta,

375 1277 423 1345 Vol
434 1277 476 1342 qui
487 1284 623 1343 praetextas
634 1280 675 1328 vel
686 1279 728 1343 qui
737 1279 843 1330 ‚docuere
854 1286 960 1343 togatas.

375 1361 428 1410 Nec
438 1343 531 1409 virtute
543 1361 607 1410 foret
618 1361 723 1410 clarisve
735 1362 861 1426 potentius
873 1362 950 1411 armis

377 1443 457 1498 Quam
468 1443 555 1507 lingua
566 1444 675 1503 Latium,
688 1444 709 1492 si
721 1461 770 1493 non
783 1445 1005 1494 offenderetunum
1132 1449 1188 1497 290

376 1526 502 1589 Quemque
513 1531 643 1590 poetarum
653 1526 720 1575 limae
731 1528 802 1576 labor
813 1533 839 1576 et
849 1544 925 1576 mora.
959 1528 1018 1586 Vos,
1031 1527 1052 1576 Ο

377 1608 514 1673 Pompilius
527 1610 637 1673 sanguis,
649 1627 748 1659 carmen
759 1611 939 1674 reprehendite,
951 1610 1016 1675 quod
1028 1627 1077 1659 non

376 1692 459 1741 Multa
470 1692 523 1741 dies
535 1699 561 1742 st
571 1694 651 1742 multa
662 1694 740 1742 litura
750 1694 859 1744 coercuit
868 1701 943 1758 atque

376 1774 517 1823 Perfectum
529 1774 609 1824 decies
621 1792 671 1824 non
682 1776 816 1840 castigavit
826 1777 859 1825 ad
869 1793 985 1840 unguem.

377 1857 510 1920 Ingenium
520 1858 613 1908 misera
623 1859 682 1922 quia
694 1860 846 1909 fortunatius
858 1866 912 1908 arte
930 1889 932 1893 >

378 1929 464 1990 Credit
475 1946 501 1990 et
511 1940 619 1990 excludit
632 1957 706 1990 sanos
718 1942 838 1991 Helicone
849 1948 936 2006 poetes

378 2023 542 2083 Democritus,
553 2024 619 2073 bona
630 2041 689 2088 pars
701 2041 750 2073 non
761 2041 856 2088 ungues
868 2028 959 2089 ponera
971 2031 1048 2084 curat,

378 2106 434 2154 Non
447 2106 558 2165 barbam,
572 2113 667 2155 secreta
678 2107 741 2171 petit
753 2107 813 2166 loca,
825 2107 916 2155 balnea
926 2107 998 2156 vitat.

377 2187 541 2237 Nanciscetur
552 2188 618 2237 enirn
630 2188 739 2253 pretium
750 2205 886 2253 nomenque
897 2196 982 2254 poetae,

377 2270 404 2318 Si
415 2270 497 2319 tribus
509 2270 637 2335 Anticyris
648 2277 723 2335 caput
733 2270 873 2321 insanabile
885 2288 1019 2336 numquam

378 2352 483 2401 Tonsori
494 2352 582 2401 Licino
593 2353 752 2403 commiserit.
787 2354 808 2402 Ο
820 2369 865 2417 ego
876 2355 960 2413 laevus,

378 2436 428 2491 Qui
439 2452 533 2501 purgor
543 2436 620 2485 bilem
632 2437 678 2485 sub
690 2436 762 2485 verni
772 2436 891 2501 temporis
901 2437 998 2486 horam!

378 2519 435 2567 Non
447 2518 512 2567 alius
523 2519 617 2567 faceret
627 2518 731 2567 meliora
742 2523 870 2583 potmata:
887 2535 974 2568 rerum

378 2600 422 2650 Nil
433 2601 498 2650 tanti
510 2607 557 2651 est.
590 2601 657 2665 Engo
669 2602 761 2665 fungar
770 2602 824 2651 vice
835 2602 904 2660 cotis,
916 2608 1015 2651 acutum

453 2759 497 2797 277.
510 2758 600 2798 faecibus
608 2759 670 2799 atris.
862 2761 906 2799 292.
920 2758 1049 2807 reprendite
1067 2808 1069 2812 ι

454 2821 498 2859 294.
512 2824 653 2871 praeseotum5
666 2821 758 2862 deciens.
860 2823 905 2862 304.
919 2822 1025 2863 reanum.
