2475 3284
8 1665 9 1672 ¹
89 1648 118 1695 ³5
133 1645 292 1711 Principibus
303 1646 426 1711 placuisse
435 1646 498 1697 uiris
509 1663 559 1695 non
569 1646 660 1695 ultime
671 1647 726 1695 laus
737 1650 783 1695 est
909 1666 932 1707 35

255 188 509 240 EPISTOLABUM
525 188 592 240 LIB.
608 189 630 240 l.
646 185 708 239 xvii.
1044 194 1101 253 261

130 323 234 373 Scmrer
244 338 290 386 ege
300 322 355 388 ipae
366 321 436 382 mihi,
448 323 539 387 popule
550 330 592 381 tu3
610 320 702 371 rectius
712 320 758 371 hoc
769 326 795 371 et
905 332 949 381 hcc,
957 331 979 373 s,
989 334 1008 373 2.
1018 334 1037 373 2.
1049 335 1081 373 36.

82 408 114 454 20
130 405 290 471 Splendidiue
301 407 381 456 multo
392 411 439 472 eet}
471 405 557 470 Equus
568 412 599 454 ut
613 421 653 454 me
664 410 753 469 portet,
764 405 817 454 alat
827 419 880 464 rex,

10 491 11 496 ’
131 487 246 538 Officium
257 487 335 538 facie:
353 487 474 553 tupescie
485 486 649 546 viliam-um,

130 570 214 622 Dante
225 570 314 630 minor,
325 570 438 635 quamvis
450 571 500 619 fers
511 576 536 618 te
548 569 643 619 nullius
654 575 773 634 egentem.

132 652 221 702 Omnis
231 653 389 718 Aristippum
400 652 483 703 decuit
492 653 559 702 color
569 659 594 701 et
605 658 687 701 status
698 659 724 702 et
733 668 781 712 res,
906 660 944 701 ccl.
958 660 1008 701 ελ.
1018 661 1036 700 1.
1046 661 1078 701 60.

131 736 306 801 Temptantem
317 734 412 803 majora
423 737 475 785 fere
485 734 649 801 praesentibus
661 751 765 798 aequum.

84 821 116 868 25
133 819 234 879 eontra,
246 836 319 884 quem
331 817 423 884 duplici
435 833 518 883 penne
529 816 652 882 patientia
662 817 738 876 velat,

131 901 253 961 Mirabor,
264 901 324 952 vitoe
334 900 377 951 vie
388 901 410 951 ei
422 916 540 950 converse
550 899 655 950 decebit.
907 912 957 952 mir.
970 910 997 953 A.
1006 911 1032 952 P.
1040 913 1085 952 424.

131 987 205 1035 Alter
215 1001 366 1050 purpureum
378 1001 427 1034 nen
439 983 580 1049 expectabit
590 982 716 1042 amictum,

132 1067 263 1124 Quidlibet
272 1067 376 1117 indutus
386 1065 547 1116 celeberrima
557 1082 602 1130 per
612 1066 668 1115 loca
677 1064 760 1124 vadet,

132 1149 315 1215 Personamque
326 1151 390 1200 feret
401 1165 451 1216 non
463 1148 626 1198 inconcinnus
637 1155 779 1213 utramque3

86 1237 117 1284 30
132 1234 206 1283 Alter
215 1234 300 1284 Mileti
310 1239 406 1284 textam
417 1249 477 1283 eane
488 1231 560 1299 pejus
571 1239 597 1282 et
607 1232 684 1296 angui

132 1315 231 1366 Vitabit
242 1316 404 1381 chlamydem,
416 1315 536 1366 morietur
546 1316 646 1380 frigore,
658 1314 680 1364 ei
692 1331 742 1364 non

133 1398 271 1449 Rettuleris
282 1417 400 1465 pennum.
433 1399 510 1450 Refer
521 1405 547 1449 et
558 1398 612 1449 sine
622 1398 693 1448 vivet
704 1398 812 1463 ineptus.

133 1480 185 1530 Rea
196 1498 280 1545 gerere
291 1488 317 1532 et
326 1489 411 1547 ceptus
422 1482 550 1532 ostendere
561 1481 659 1531 civibus
670 1481 751 1530 hostis

133 1562 246 1628 Attingit
257 1564 347 1614 solium
357 1565 375 1614 J
375 1564 429 1614 evis
441 1571 467 1614 et
477 1564 585 1614 caelestia
595 1569 716 1629 temptet:

934 1656 1068 1698 .S.1.6.63

951 1707 976 1748 E.
986 1708 1005 1747 1.
1015 1707 1069 1747 lit?

133 1726 766 1792 Noncuivishominicontingitedirecorinthum.
1070 1708 1089 1746 ³·

134 1811 210 1871 Sedit,
222 1812 265 1877 qui
276 1811 368 1871 timuit,
380 1828 411 1861 ne
423 1827 472 1860 non
485 1810 632 1861 succederet.
666 1809 742 1859 Este!

134 1895 208 1956 Quid,
219 1895 263 1961 qui
274 1894 395 1961 pervenit,
407 1894 498 1944 fecitne
508 1893 637 1943 viriliter?
669 1892 748 1957 Atqui

133 1978 184 2029 Hic
205 1985 245 2028 est
266 1984 311 2028 aut
329 1992 460 2042 nusquam,
479 1975 545 2041 qued
566 1974 707 2040 querimus.
748 1973 799 2025 Hic
820 1989 883 2024 onus

232 2061 325 2120 horret,

87 2149 118 2196 40
134 2145 171 2194 Ut
181 2142 267 2209 parvis
278 2141 370 2192 animis
381 2147 407 2192 et
417 2157 494 2207 parvo
505 2156 604 2205 corpere
615 2138 711 2206 majus:

134 2227 184 2277 Hic
195 2226 264 2276 aubit
275 2232 301 2275 et
311 2226 412 2290 perfert.
445 2225 498 2273 Aut
508 2222 588 2273 virtue
601 2238 691 2272 nomen
702 2214 777 2271 inane
788 2228 834 2282 est,

135 2310 187 2357 Aut
197 2307 271 2357 decus
283 2312 309 2356 et
319 2305 427 2371 pretium
437 2310 502 2354 recte
514 2303 578 2369 petit
589 2303 719 2368 experiens
730 2304 776 2354 vir.

135 2391 225 2441 Coram
235 2406 293 2454 rege
305 2388 391 2438 suade
402 2393 548 2453 paupertate
559 2392 670 2436 tacentes
909 2416 952 2457 m,
966 2406 991 2447 Ε,
1000 2406 1020 2448 1.
1030 2406 1049 2445 ⁷.
1060 2407 1092 2445 37.

133 2474 195 2523 Plus
206 2478 322 2538 poscente
333 2473 428 2531 ferent5
445 2469 531 2529 distat,
543 2486 659 2519 sumasne
670 2468 799 2535 pudenter,

88 2559 118 2608 45
134 2558 174 2607 An
185 2555 277 2621 rapias.
312 2553 390 2619 Atqui
401 2570 484 2604 rerum
494 2558 569 2618 ceput
580 2552 627 2604 hoc
638 2559 699 2612 eret,
710 2552 751 2602 hic
761 2553 826 2604 fons.

135 2716 167 2756 2⁰.
181 2713 306 2760 multem
319 2712 400 2751 estem.
409 2711 440 2752 el.
508 2711 542 2751 88.
554 2708 635 2749 hostes.
710 2710 742 2750 84.
755 2710 834 2752 tentat.

287 2777 320 2817 41.
334 2774 446 2816 tinaneet.
570 2774 659 2815 dume.
