2475 3284
397 204 543 256 EPODON
553 206 599 258 IX.

231 339 294 389 cum
306 336 341 387 sit
351 337 399 387 tibi
411 337 473 388 dens
484 345 546 399 ster,
558 346 584 389 et
595 339 665 404 rugis
675 345 748 390 vetus

263 421 381 470 Frontem
394 428 507 471 senectus
518 429 617 483 exeret;

231 503 340 567 Hietque
351 503 433 568 turpis
444 503 512 553 inter
523 504 607 554 aridos
619 512 691 555 nates

263 584 355 645 Podex‚
366 587 437 635 velut
447 587 528 637 crudae
539 588 619 639 bovis.

231 667 279 718 Sed
290 667 379 718 incitet
389 685 428 718 me
440 677 534 734 pectus,
545 678 571 720 et
581 687 696 720 msmmae
707 677 803 735 putres,

247 764 249 767 ·
263 749 361 815 Equina
372 752 458 815 quoles
470 753 562 814 ubera3

230 833 369 898 Venterque
380 835 472 894 mollis,
484 842 510 885 et
521 837 602 885 femur
612 836 768 887 tumentibus

259 915 334 966 Exile
345 917 410 966 suris
422 917 543 969 additum.

231 998 294 1049 Esto
304 1001 387 1059 besto,
398 1001 474 1050 funus
486 1007 559 1065 etque
571 1001 693 1066 imagines

264 1081 363 1131 Ducant
373 1083 537 1148 triumphales
549 1089 635 1143 tuum;

230 1164 283 1214 Nec
293 1164 328 1214 sit
338 1165 436 1225 marita,
448 1182 503 1231 quae
513 1167 701 1217 rotundioribus

264 1247 360 1297 Onusta
372 1247 440 1297 bacis
451 1250 570 1307 ambulet.

231 1329 317 1386 Quid?
334 1330 400 1394 quod
411 1330 491 1380 libelli
503 1332 579 1382 Stoici
591 1331 657 1382 inter
669 1333 760 1383 sericos

263 1414 280 1462 J
281 1430 350 1463 acere
361 1414 480 1478 pulvillos
491 1421 592 1464 amant:

230 1495 367 1546 Inlittcrati
379 1513 439 1545 num
449 1497 532 1546 minus
545 1497 614 1547 nervi
626 1498 728 1562 rigent?

262 1579 380 1629 Minusve
391 1580 494 1644 languet
504 1581 648 1631 fascinum?

230 1661 302 1718 Quod
313 1668 342 1711 ut
353 1663 459 1727 superbo
470 1679 586 1727 provoces
598 1664 633 1712 eb·
642 1663 752 1728 inguine,

264 1746 312 1795 Ore
324 1745 514 1794 allaboreudum
524 1752 563 1796 est
574 1745 630 1796 tibi.

476 1957 524 2010 IX.

231 2088 340 2145 Qumo
350 2096 477 2155 repostum
490 2092 620 2142 Goecubum
632 2091 666 2142 ad
676 2093 753 2143 festas
765 2091 848 2159 dapes,

264 2173 363 2223 Victore
374 2174 446 2223 lectus
458 2175 564 2235 (laesere,

231 2256 321 2305 Tecum
333 2257 451 2316 subalta,
465 2257 501 2307 sic
512 2259 529 2307 J
530 2258 570 2307 ovi
582 2265 688 2323 gratum,
701 2258 781 2320 domo,

263 2338 340 2388 Beate
350 2339 484 2399 Maeoenes,
495 2341 589 2402 bibam,

231 2421 339 2469 Sonante
350 2420 457 2470 mixtum
468 2421 540 2471 tibiis
551 2440 651 2473 carmen
662 2425 725 2489 lyra,

263 2504 318 2553 Hae
330 2503 442 2561 Dorium,
454 2504 506 2554 illis
518 2506 671 2556 barbarum?

230 2585 267 2634 Ut
278 2602 363 2651 nuper,
376 2593 446 2637 ectus
458 2604 514 2638 eum
524 2589 589 2638 freto
600 2589 742 2654 Neptunius

262 2668 320 2718 Dux
331 2669 404 2734 fugit,
416 2670 481 2720 ustis
492 2671 605 2730 navibus,

334 2810 383 2844 vlu.
397 2803 428 2843 20.
443 2803 454 2843 l
467 2803 657 2844 umbomndumst.

926 2116 1117 2163 smfflhfflm

1049 2169 1081 2208 37.
1090 2171 1110 2209 5.

925 2453 942 2491 ς.
956 2441 979 2483 (¹.
989 2443 1008 2482 4.
1019 2442 1049 2481 15.
1059 2441 1091 2481 30.
