2475 3284
135 217 193 276 246
601 216 630 277 Q.
647 216 785 267 HOBATI
801 216 929 268 FLACCI

358 348 453 409 Atride,
465 349 545 414 magis
556 355 616 415 epta
626 348 675 399 tibi
686 356 730 399 tua
740 349 806 400 dona
816 348 962 414 relinquam,

134 450 177 488 reo.
190 441 318 530 c.4.134.1435;
358 431 467 480 Parvum
478 448 556 496 parva
566 431 667 491 decent;
684 431 747 480 mihi
754 430 809 497 jam
820 447 870 481 non
880 430 949 494 regia
959 429 1049 489 Roma,

1126 515 1160 560 ⁴⁰

357 674 447 724 Clarus
458 677 490 725 ab
501 675 588 725 officiis
600 682 713 725 octavam
724 675 821 724 circiter
832 675 929 724 horam.

358 755 425 805 Dum
435 758 501 808 redit
511 765 584 823 atque
596 758 661 807 Foro
672 757 777 807 nimium
788 758 882 807 distare
894 756 999 806 Carinas

357 838 416 887 Jam
426 840 528 903 grandis
540 847 601 889 natu
611 839 730 905 queritur,
742 839 877 904 conspexit,
888 846 918 889 ut
928 839 1006 899 aiunt,

357 923 482 972 Adrasnm
493 922 615 987 quendam
626 939 705 972 vacua
715 922 823 971 tonsoris
835 922 862 971 in
873 921 962 971 umbra
1127 926 1159 973 50

358 1005 465 1054 Cultello
476 1006 590 1070 proprios
600 1011 748 1070 purgantem
758 1003 849 1054 leniter
859 1020 961 1068 ungues.

358 1085 477 1147 Demetri,
489 1104 550 1153 puer
559 1088 601 1138 hic
612 1105 662 1137 non
673 1088 734 1137 laeve
741 1085 814 1152 jussa
824 1086 938 1151 Philippi

356 1170 507 1235 Accipiebat,
519 1170 568 1231 abi,
579 1187 661 1236 quaere
672 1176 698 1219 et
707 1170 780 1229 refer,
790 1168 856 1236 unde
867 1168 946 1229 domo,
958 1168 1021 1233 quis,

357 1251 433 1318 Cujus
445 1254 558 1313 fortunae,
568 1270 617 1318 quo
629 1252 663 1302 sit
673 1259 744 1317 patre
754 1268 833 1317 quove
844 1258 956 1316 patrono.

357 1335 390 1394 It,
402 1336 467 1384 redit
478 1341 503 1385 et
514 1342 606 1395 namot,
618 1335 744 1385 Volteium
756 1334 855 1383 nomine
866 1335 975 1393 Menam,
1125 1338 1164 1385 55.

357 1417 505 1477 Praeconem,
517 1418 586 1468 tenui
597 1435 679 1478 censu,
692 1418 746 1468 sine
756 1417 867 1478 crimine,
879 1424 972 1476 notum,

134 1518 170 1554 loe.
184 1515 208 1555 c.
217 1516 237 1555 4.
247 1516 278 1555 12.
288 1516 320 1555 28.
356 1501 392 1551 Et
402 1517 533 1566 properare
544 1502 597 1560 loco
608 1507 634 1551 et
645 1518 740 1550 cessare
752 1509 778 1550 et
785 1516 893 1565 quaerere
901 1503 930 1549 et
939 1499 978 1548 uti

134 1576 171 1605 ces.
184 1566 209 1605 E.
217 1567 239 1655 ὲ.
248 1567 280 1605 10.
291 1568 316 1603 46
325 1575 331 1613 ;

246 1617 264 1655 2.
275 1617 319 1655 1⁸3·
357 1583 512 1634 Gaudentem
522 1584 654 1649 parvisque
665 1583 792 1634 sodalibus
804 1589 830 1632 et
840 1584 893 1632 lare
904 1590 970 1634 certo

133 1676 185 1713 qooe.
196 1665 219 1754 ἓ
229 1667 318 1755 li‘lidd'
356 1666 392 1716 Et
402 1666 468 1715 ludis
480 1673 505 1715 et
515 1673 573 1731 post
582 1666 665 1716 decisa
676 1665 776 1730 negotia
787 1666 888 1729 Campo.

218 1744 223 1756 '
252 1744 257 1756 '
306 1744 312 1756 '
357 1749 446 1798 Scitari
457 1749 519 1798 libet
530 1766 560 1799 ex
571 1749 633 1814 ipse,
644 1749 811 1813 quodcumque
822 1749 916 1808 refere3
933 1746 974 1798 dic
1124 1750 1155 1796 60

357 1831 398 1881 Ad
408 1848 493 1881 cenam
504 1831 595 1882 veniat.
630 1832 686 1881 Non
699 1848 758 1881 sane
769 1830 867 1880 credere
878 1831 962 1879 Mena.

133 1928 176 1969 nea.
190 1938 209 1968 v.
218 1929 250 1970 16.
356 1914 446 1964 Mirari
457 1931 539 1965 secum
550 1915 648 1964 tacitus.
682 1914 750 1970 Quid
759 1914 858 1963 multa?
891 1913 1009 1977 Benigne,

356 1997 506 2062 Respondet.
539 1998 620 2061 Neget
630 1996 674 2046 ille
685 1996 746 2046 mihi
756 1999 767 2047 l
800 1997 883 2060 Negat
893 1996 1020 2060 improbus
1032 2001 1057 2045 et
1068 2001 1094 2044 to

356 2079 471 2145 Neglegit
482 2087 526 2129 aut
536 2080 627 2129 horret.
661 2078 787 2129 Volteium
798 2095 871 2128 mane
881 2078 1015 2143 Philippus

355 2163 423 2212 Vilia
433 2162 580 2212 vendentem
591 2161 703 2212 tunicato
714 2168 796 2211 scruta
807 2162 905 2225 popello
1123 2164 1154 2211 65

130 2256 199 2304 sajo.
208 2256 233 2296 E.
243 2257 262 2296 1.
270 2257 301 2307 lo.
309 2258 329 2298 1.
356 2247 465 2311 Occupat
476 2253 501 2296 et
512 2248 607 2296 salvere
614 2244 688 2311 jubet
698 2244 774 2309 prior.
808 2245 856 2294 Ele
867 2243 984 2310 Philippo

354 2330 479 2380 Excusare
490 2330 600 2379 laborem
612 2335 638 2378 et
647 2326 798 2377 mercenaria
808 2326 899 2386 vincla,

355 2412 427 2468 Quod
438 2429 487 2461 non
498 2428 571 2461 mane
582 2412 682 2461 domum
692 2410 810 2469 venisset,
822 2408 934 2473 denique,
946 2408 1012 2474 quod
1022 2425 1073 2459 non

354 2494 509 2545 Providiseet
519 2510 581 2548 eum,
616 2493 657 2543 Sic
667 2492 791 2557 ignovisse
803 2498 890 2557 putato

353 2578 397 2626 Me
408 2576 463 2636 tibi,
476 2576 497 2624 si
509 2593 582 2635 cenas
593 2574 666 2625 hodie
678 2591 780 2626 mecum.
814 2575 852 2623 Ut
862 2575 931 2625 libet
965 2575 1033 2639 Ergo
1122 2580 1153 2632 70

354 2661 415 2709 Post
426 2675 517 2709 nonam
528 2657 628 2718 venies3
646 2655 738 2715 runci,
750 2673 802 2705 rem
814 2662 929 2707 strenuus
941 2674 1011 2723 auge.

658 2790 690 2830 60.
703 2798 851 2839 quacumque.
