2475 3284
132 247 191 306 244
599 242 627 304 Q.
644 241 781 293 HORATI
798 241 926 292 FLAOOI

354 376 388 435 Si,
400 377 462 426 bene
474 375 516 440 qui
527 383 606 434 cenet,
618 376 681 425 bene
692 373 764 433 vivit,
775 376 848 434 lucet,
860 389 945 423 eamus

130 474 172 521 qul.
186 470 323 517 suetum
353 460 409 515 Quo
420 457 488 514 duc1t
498 459 571 521 gule
589 457 720 524 piscemur,
731 473 857 515 venemur,
868 463 898 505 ut
908 455 968 505 olim

127 575 173 621 pla
186 572 212 612 Ε
221 572 240 610 1
248 520 323 610 i'64i'6
354 540 489 605 Gargilius,
500 541 542 605 qui
554 557 627 590 mane
638 541 733 604 plagas,
745 539 876 598 venabula,
888 554 972 587 servos

354 623 488 672 Differtum
498 621 606 672 transire
617 624 700 672 forum
711 623 877 687 populumque
884 618 998 686 jubebat,

353 707 427 755 Unus
438 712 467 755 ut
478 723 491 755 e
502 705 588 754 multis
599 707 691 770 populo
703 711 830 769 spectante
840 706 945 754 referret
1124 707 1156 753 60

130 813 174 849 cra.
187 801 207 841 S.
217 801 265 841 1.6.
274 799 307 838 49.
330 819 332 823 ,
353 788 473 853 Emptum
483 789 566 837 mulus
578 805 673 853 aprum.
708 786 785 836 Crudi
796 786 933 851 tumidique
944 787 1065 844 lavemur,

354 870 421 925 Quid
431 871 524 930 deceat,
536 870 596 935 quid
606 887 664 929 non,
677 869 756 928 obliti,
767 869 856 920 Caerite
867 886 923 919 cera

355 953 440 1017 Digni,
451 954 582 1018 remigium
592 953 712 1003 vitiosum
723 952 863 1002 Ithacensis
875 951 967 1012 Ulixei,

355 1036 401 1086 Oui
413 1036 496 1101 potior
506 1037 588 1102 patria
599 1036 650 1086 fuit
659 1036 793 1085 interdicta
803 1036 927 1100 voluptes.

131 1135 190 1174 alim.
200 1134 225 1173 Ε.
232 1134 251 1172 2.
258 1132 277 1171 ι.
284 1130 329 1170 101.
355 1119 389 1178 si,
401 1119 565 1168 Mimnermus
576 1118 614 1169 uti
626 1125 717 1178 censet,
729 1119 782 1167 sine
794 1135 876 1168 amore
883 1116 994 1183 jocisque
1127 1121 1161 1166 66

355 1202 399 1250 Nil
410 1208 449 1251 est
456 1201 600 1267 jucundum,
612 1202 685 1251 vivas
696 1201 723 1250 in
735 1219 818 1250 amore
825 1200 943 1267 jocisque.

130 1299 157 1337 oi.
165 1307 197 1336 oa.
206 1294 277 1334 s.2.6.
285 1292 329 1332 110.
354 1284 425 1343 Vive,
437 1286 500 1334 vele.
535 1285 561 1334 si
573 1284 633 1348 quid
644 1284 737 1333 novisti
748 1284 839 1334 rectius
850 1269 915 1342 istis,

132 1391 177 1420 con.
190 1378 301 1419 u.1.4.1.
355 1366 482 1418 Candidus
494 1368 593 1432 imperti
604 1386 610 1427 ;
628 1367 650 1416 si
662 1385 720 1426 non,
731 1367 770 1417 his
782 1374 851 1416 utere
862 1383 965 1416 mecum.

495 1511 515 1522 ..

477 1531 493 1541 ..

336 1608 347 1616 .
369 1567 395 1622 Π
416 1571 436 1586 ‘¹
724 1576 785 1626 VH.

357 1708 478 1763 Qomoun
489 1707 542 1756 dies
553 1706 601 1756 tibi
613 1708 740 1772 pollicitus
751 1725 790 1757 me
801 1726 858 1757 rure
870 1709 988 1776 futurum,

315 1815 348 1868 s
339 1790 476 1843 Sextilem
486 1796 567 1839 totum
578 1790 685 1840 mendax
696 1791 829 1860 desideror
863 1791 941 1856 Atqui

299 1897 302 1904 ,
358 1872 384 1921 Si
391 1888 435 1925 me
446 1872 530 1921 vivere
541 1873 580 1921 vis
593 1890 682 1922 sanum
692 1881 803 1938 recteque
814 1875 947 1928 valentem.

358 1956 439 2011 Quam
450 1954 512 2003 mihi
524 1955 569 2004 das
581 1972 654 2019 aegro,
666 1956 738 2006 dabis
749 1959 868 2020 aegrotare
879 1956 986 2017 timenti,

335 2037 490 2096 Maecenas,
502 2038 609 2104 veniam,
621 2037 681 2087 dum
691 2041 752 2088 ficus
764 2039 845 2104 primu
856 2040 969 2104 calorque
1148 2045 1167 2091 6

135 2131 155 2169 6.
170 2130 190 2169 S
200 2128 289 2168 2616
359 2120 549 2199 Designatorem
560 2095 660 2170 decorat
670 2121 799 2188 lictoribus
810 2121 880 2181 atris,

359 2203 426 2252 Dum
437 2202 520 2267 pueris
531 2203 612 2252 omnis
625 2197 696 2267 pater
707 2211 732 2253 et
742 2206 878 2254 matercula
888 2206 973 2284 pellet,

137 2297 172 2345 off.
186 2296 207 2334 s
217 2295 264 2334 1.6.
245 2294 318 2334 011
361 2285 522 2348 Officiosaque
534 2276 654 2334 sedulitas
666 2292 692 2335 et
702 2287 784 2350 opella
795 2286 901 2335 forensis

186 2346 211 2385 E'
221 2346 261 2385 Η
263 2346 309 2422 1⁶⁸¹
360 2367 468 2418 Addueit
478 2369 560 2417 febres
572 2374 597 2417 et
607 2375 758 2418 testamenta
768 2370 891 2433 resignat.

360 2451 464 2507 Quod
444 2468 466 2500 sl
478 2451 602 2500 bruma
578 2468 649 2499 mres
660 2451 767 2501 Albanis
778 2452 861 2501 illinet
872 2452 947 2515 agris

138 2551 186 2588 par.
201 2542 221 2581 6,
231 2541 331 2581 1.4.127.
361 2533 401 2582 Ad
412 2550 479 2582 mare
490 2533 622 2583 descendet
632 2541 702 2583 vetes
713 2520 771 2583 tuus
784 2540 809 2583 et
820 2534 869 2583 sibi
880 2541 965 2599 parcet

362 2617 555 2680 Contractusque
567 2617 646 2680 leget;
664 2622 697 2674 te,
708 2615 787 2665 dulcis
799 2617 884 2675 amice,
895 2618 988 2667 reviset

362 2697 425 2747 Cum
435 2696 563 2761 Zephyris,
576 2697 597 2746 si
609 2696 733 2756 concedes,
746 2704 771 2746 et
781 2698 914 2749 hirundine
925 2699 1013 2764 prima.

412 2834 452 2867 vn.
466 2827 485 2867 6.
498 2826 532 2867 vis
540 2826 837 2876 rectequeriderevelentem.
948 2832 980 2872 10.
992 2830 1057 2872 uiris.
