2475 3284
311 219 522 271 sarmarum
539 219 605 307 mn
622 220 643 270 Ι.
660 237 684 271 v.
883 240 885 245 >
1064 222 1121 283 175

146 354 251 403 Murena
262 354 389 417 praebente
400 353 507 412 domum,
520 352 641 417 Capitone
652 351 769 402 culinam.
919 391 974 430 W·
989 379 1012 420 0¹
1022 382 1041 420 3.
1051 382 1083 420 19.
1092 382 1112 421 ⁷.

74 416 249 486 V‘Fostera
260 437 304 485 lux
315 436 395 485 oritur
405 437 485 486 multo
496 435 654 500 gratissima:
672 452 778 501 namque

94 523 128 569 40
146 519 244 569 Plotius
255 525 281 568 et
291 517 384 595 Varius
396 518 520 568 Sinuessae
531 518 701 583 Virgiliusque
923 520 955 560 40·
968 511 993 599 ξ·
1000 512 1052 601 12110·
1061 513 1107 601 {44⁷

147 602 292 663 Occurrunt,
304 602 395 651 animae
405 601 491 666 quales
504 618 581 666 nsque
592 601 748 650 candidiores
984 590 989 600 ⁸
1012 589 1018 600 ⁸
1054 590 1059 602 ’
1095 591 1101 603 ’

146 686 223 735 Terra
233 684 296 734 tulit
306 701 386 749 neque
396 683 452 749 quis
464 700 504 734 me
515 683 550 733 sit
561 683 699 733 devinctior
709 684 781 733 alter.

146 768 167 817 Ο
178 767 221 832 qui
232 768 375 832 complexus
387 774 413 816 et
422 767 515 831 gaudia
525 774 619 831 quanta
630 764 746 816 lueruntl

145 850 190 899 Nil
201 866 246 914 ego
258 850 404 899 contulerim
411 848 522 915 jucundo
533 865 610 920 sanus
621 850 708 900 amico.

94 937 128 983 45
144 932 263 982 Proxima
274 932 402 997 Campano
413 933 483 998 ponti
493 920 550 998 pune
560 932 657 993 villula,
668 940 762 983 tectum

145 1015 263 1073 Praebuit
276 1022 301 1064 et
311 1015 412 1080 parochi
424 1032 479 1079 quae
488 1015 580 1066 debent
591 1016 660 1080 ligna
671 1016 804 1080 salemque.

145 1098 213 1147 Hine
223 1099 286 1147 muli
297 1099 390 1163 Capuae
400 1098 508 1149 clitellas
519 1105 630 1163 tempore
640 1105 744 1163 ponunt.

144 1180 239 1230 Lusum
250 1182 272 1230 it
282 1182 414 1242 Maecenas,
426 1180 564 1232 dormitum‘
572 1198 617 1246 ego
628 1182 798 1246 virgiliusque
808 1200 814 1242 ;

144 1264 257 1329 Namque
268 1265 322 1330 pila
332 1265 409 1330 lippis
420 1264 549 1315 inimicum
560 1272 587 1315 et
597 1265 682 1314 ludere
693 1265 784 1315 crudis.

95 1351 128 1398 50
145 1348 213 1398 Hinc
223 1364 268 1397 nos
281 1347 376 1398 Oocceii
387 1348 476 1413 recipit
486 1348 633 1413 plenissima
643 1349 713 1406 villa,

94 1482 117 1504 ‚L
144 1431 207 1501 Quae
217 1437 341 1495 superest
352 1430 431 1481 Caudi
442 1447 574 1494 cauponas.
608 1431 681 1479 Nunc
692 1429 754 1479 mihi
765 1429 850 1494 paucis

145 1514 269 1563 Sarmenti
281 1530 372 1563 scurrae
382 1529 492 1577 pugnam
502 1513 630 1577 Messique
641 1512 758 1571 Cicirrhi‚

145 1598 227 1657 Musa,
239 1597 315 1647 velim
327 1612 455 1655 memores,
467 1603 493 1646 et
504 1613 552 1661 quo
562 1602 634 1660 patre
645 1602 719 1644 natus
731 1601 833 1660 uterque

145 1680 285 1730 contulerit
296 1679 361 1729 litos.
395 1678 475 1729 Messi
486 1680 581 1728 clarum
591 1694 670 1742 genus
683 1678 754 1738 Osci3

95 1766 127 1813 65
144 1763 267 1812 Sarmenti
278 1762 379 1812 domina
391 1767 485 1812 exstat:
503 1761 587 1811 abhis
599 1760 734 1826 majoribus
746 1761 795 1811 orti

111 1857 112 1861 ’
143 1842 186 1895 Λᾶ,
195 1858 305 1906 pugnam
315 1858 413 1892 venere.
447 1840 520 1895 Prior
531 1841 690 1889 Sarmentus:
709 1840 775 1903 Eqm
786 1846 811 1888 te

143 1925 206 1974 Esse
217 1924 264 1973 feri
276 1922 384 1973 similem
395 1923 458 1974 dico.
491 1923 619 1982 Ridemus‚
631 1929 658 1972 et
667 1924 721 1988 ipse

144 2009 266 2058 Messius:
284 2009 402 2073 Accipi03
419 2015 530 2073 caputet
540 2015 636 2059 movet:
655 2009 685 2067 0,
696 2014 741 2057 tua
751 2025 827 2058 cornu

143 2092 178 2142 Ni
190 2093 255 2142 foret
266 2098 364 2141 exsecto
375 2092 453 2151 frons,
464 2091 553 2155 inquit,
565 2091 626 2155 quid
637 2092 738 2149 faceres,
750 2107 806 2140 cum

94 2180 127 2227 60
143 2177 184 2227 Sic
194 2176 298 2225 mutilus
308 2174 453 2224 minitaris?
486 2175 522 2223 At
532 2173 572 2223 illi
583 2173 649 2223 foeda
659 2174 762 2223 cicatrix

144 2260 256 2309 Setosam
266 2257 325 2308 laeri
336 2259 444 2307 frontem
454 2263 599 2321 turpaverat
610 2256 669 2306 oria.

144 2343 299 2407 Campanum
310 2340 337 2389 in
348 2341 469 2398 morbum,
481 2339 508 2388 iu
520 2338 609 2388 faciem
619 2340 744 2403 permulta
751 2336 858 2404 jocatus,

143 2425 272 2474 Pastorem
284 2425 388 2473 saltaret
398 2422 436 2471 uti
448 2423 556 2487 Cyclopa
566 2422 685 2485 rogabat:

142 2508 187 2556 Nil
197 2508 236 2556 illi
247 2508 319 2556 larva
329 2513 374 2555 ant
383 2505 485 2570 tragicis
497 2521 558 2570 opus
571 2521 625 2555 esse
634 2503 770 2556 cothurnis.

96 2595 126 2641 65
143 2592 225 2642 Multa
237 2592 365 2642 Cicirrhus
376 2591 487 2640 adhaec:
505 2590 631 2639 Donasset
637 2587 723 2654 jamne
733 2594 847 2638 catenam

143 2676 182 2725 Ex
192 2682 251 2726 roto
262 2673 377 2733 laribus,
389 2673 531 2739 quaerebat;
549 2672 631 2722 scriba
642 2672 707 2737 qnod
718 2679 791 2731 esset,

410 2808 444 2848 60.
457 2805 571 2847 miniteris.
