2475 3284
149 1454 306 1496 &QLLW

150 1611 346 1663 wssffistffl

150 1753 170 1793 9.
184 1741 208 1782 G.
217 1742 237 1781 3.
246 1743 265 1781 4.
275 1742 307 1781 26.

184 1791 309 1833 Eztst

616 249 645 309 Q.
661 248 800 299 HORATI
815 249 942 299 FLAOOI

503 381 693 431 Illetemeoum
704 382 771 431 loeus
783 386 808 431 et
818 382 897 431 beata

503 465 636 514 Poetulsnt
646 479 729 514 arces:
746 463 783 513 ibi
794 472 823 519 tu
833 465 954 514 calentem

504 546 596 597 Debita
607 563 709 612 sparges
720 547 823 597 lacrima
834 547 949 598 favillam

583 616 586 621 ⁴
634 629 799 697 Vatisamiei.
898 628 913 650 ·“

740 860 801 910 VIL
965 824 1003 887 el

505 993 526 1042 Ο
538 1007 607 1042 smrn
617 1008 713 1042 meeum
724 999 822 1057 tempus
833 992 861 1042 in
872 992 988 1042 ultimum

505 1075 622 1135 Dsduete,
634 1075 713 1125 Bruto
723 1075 822 1125 militiae
832 1075 901 1135 duce,

537 1157 600 1213 Quis
610 1164 636 1207 te
647 1156 777 1208 redonavit
788 1157 913 1214 Quiritem

571 1239 618 1289 Dis
629 1239 719 1304 patriis
731 1240 844 1304 Italoque
856 1242 923 1301 eaelo‚

505 1355 608 1421 Pompei
618 1372 729 1406 meorum
740 1355 819 1421 prime
830 1356 971 1408 sodalium?

505 1439 569 1489 eum
579 1454 628 1503 quo
639 1445 776 1488 morantem
787 1455 852 1504 saepe
862 1439 929 1490 diem
939 1456 1013 1490 mero·

538 1520 613 1585 Fregi
624 1527 755 1570 coronatus
765 1521 873 1572 nitentes

571 1603 732 1654 Malobathro
743 1604 814 1669 Syrio
824 1604 935 1670 capillos.

507 1720 598 1769 Tecum
608 1718 739 1784 Philippos
750 1725 775 1769 et
785 1720 888 1770 celerem
899 1721 983 1784 fugam

506 1801 585 1861 Sensi,
596 1790 684 1850 relicta
695 1818 745 1851 non
756 1802 818 1851 bene
828 1804 942 1867 parmula
951 1821 958 1862 ;

539 1885 604 1936 Cum
614 1885 693 1935 stacta
703 1885 792 1944 virtus,
804 1892 829 1935 et
838 1885 947 1934 minaces

574 1968 656 2035 Turpe
668 1968 748 2017 solum
760 1967 863 2032 tetigere
874 1974 964 2017 mento.

507 2083 556 2135 Sed
566 2101 661 2149 meper
671 2084 751 2134 hostis
762 2084 901 2134 Mercurius
913 2085 977 2134 oeler

508 2168 592 2218 Denso
602 2174 733 2232 paventem
745 2168 848 2217 sustulit
858 2172 929 2217 aere:

541 2251 576 2300 Te
587 2267 673 2300 rursus
684 2250 712 2299 in
723 2252 817 2300 bellum
828 2251 958 2299 resorbens

573 2332 649 2382 Unda
660 2332 732 2383 fretis
743 2332 803 2382 tulit
814 2331 935 2382 aestuosis.

508 2450 575 2514 Ergo
586 2449 722 2513 obligatam
732 2448 807 2497 redde
818 2448 835 2497 J
836 2447 876 2497 ovi
888 2448 983 2513 dapem,

509 2531 641 2596 Longaque
652 2533 747 2581 fessum
757 2528 850 2579 militia
861 2530 927 2578 latus

540 2615 643 2679 Depone
656 2615 703 2664 sub
714 2615 788 2663 lauru
798 2628 862 2670 mea,
874 2629 918 2661 neo

574 2698 651 2747 Parce
662 2697 731 2747 cedis
741 2695 789 2745 tibi
804 2693 943 2744 destinatis.

686 2834 864 2876 unmhmffi

1163 1361 1178 1408 ⁵

1144 1808 1176 1854 1⁰
