2475 3284
592 238 620 302 Q.
637 241 773 292 HORATI
792 238 921 293 annuo!

344 372 432 423 Nihilo
443 373 551 423 deterius
563 374 670 424 dominae
677 373 720 440 jus
732 391 801 434 esse3
819 376 924 438 rogabat

345 456 464 521 Denique,
477 473 520 506 eur
530 474 648 521 umquam
659 458 771 521 fugisset,
784 457 823 507 cui
835 457 897 507 satis
907 473 959 506 una

345 539 431 589 Farris
442 540 508 588 libra
519 541 590 599 foret,
602 539 690 604 gracili
702 540 738 589 sic
748 546 848 603 tamque
859 539 958 603 pusillo.

346 622 453 672 Prorsus
462 622 571 687 jucunde
581 639 668 671 cenam
678 621 840 686 produximus
852 622 931 671 illam.
1117 625 1152 676 70

347 704 482 755 Tendimus
493 705 551 754 hinc
561 710 630 754 recta
639 706 818 765 Beneventum,
830 704 874 753 ubi
886 703 986 753 sedulus
998 703 1089 768 hospes

347 789 421 837 Paene
431 804 527 837 macros
538 787 602 836 arsit
612 787 672 836 dum
682 787 768 836 turdos
779 793 864 836 versat
874 786 901 835 in
913 785 965 850 igni
975 802 982 836 z

310 864 315 872 ’
348 871 414 921 Nam
424 882 489 935 vaga
499 887 544 935 per
554 876 665 920 veterem
675 869 773 934 dilapso
784 870 885 918 florum
895 868 1005 918 culinam

347 953 459 1003 Vulcano
471 968 594 1002 summum
605 952 757 1016 properabat
767 951 877 1001 lambere
887 957 988 1001 tectum.

349 1036 473 1087 Convivas
484 1035 571 1085 avidos
582 1051 670 1085 canam
681 1050 812 1098 servosque
824 1033 942 1083 timentes
1119 1038 1156 1088 75

348 1119 412 1168 Tum
422 1135 509 1184 rapere
520 1124 594 1182 atque
605 1117 686 1166 omnis
697 1116 851 1180 restinguere
861 1117 926 1166 velle
937 1116 1043 1167 videres.

348 1201 443 1267 Incipit
453 1218 483 1251 ex
494 1201 539 1250 illo
549 1206 647 1250 montes
658 1199 752 1264 Apulia
763 1205 835 1248 notos

314 1306 317 1312 ¹
349 1285 481 1334 Ostentare
492 1284 561 1343 mihi,
574 1300 635 1348 quos
645 1289 724 1332 torret
734 1282 859 1332 Atabulus
871 1288 897 1332 et
907 1298 967 1346 quos

129 2296 182 2325 ame.
196 2285 217 2325 S.
229 2286 247 2324 1.
257 2285 318 2326 aaa.

348 1369 491 1432 Numquam
502 1383 650 1431 erepsemus,
663 1365 712 1414 nisi
724 1382 769 1414 nos
779 1364 863 1414 vicina
874 1364 968 1414 Trivici

349 1450 418 1500 Villa
428 1448 562 1514 recepisset
572 1449 703 1498 lacrimoso
714 1465 764 1497 non
776 1448 831 1498 sine
841 1448 918 1508 furno,
1119 1451 1155 1498 80

350 1533 420 1582 Udos
432 1549 488 1582 eum
498 1531 566 1581 foliis
578 1548 660 1580 ramos
671 1537 758 1580 urente
769 1530 874 1581 camina.

350 1616 401 1666 Hic
412 1631 456 1679 ego
467 1614 609 1663 mendaeem
621 1613 786 1662 stultissimus
797 1630 874 1678 usque
885 1614 995 1678 puellam

350 1698 392 1749 Ad
402 1698 509 1747 mediam
520 1703 616 1747 noctem
628 1703 756 1761 exspecto3
774 1712 875 1746 somnus
887 1703 970 1745 tamen
982 1697 1065 1746 aufert

351 1783 481 1831 Intentum
491 1780 591 1839 veneri3
607 1785 662 1828 tum
673 1779 800 1829 immundo
812 1779 909 1829 somnia
919 1779 976 1828 risu

352 1866 504 1915 Nocturnum
515 1870 608 1913 vestem
620 1862 747 1911 maculant
757 1868 916 1926 ventremque
928 1861 1052 1927 supinum.
1121 1866 1157 1913 85

351 1949 465 2005 Quatuor
474 1947 533 1996 hinc
543 1946 655 2011 rapimur
665 1945 756 2009 viginti
768 1951 793 1994 et
803 1944 874 1993 milia
885 1944 959 2005 redis,

352 2030 468 2080 Mansuri
479 2029 605 2094 oppidulo,
617 2028 683 2092 quod
692 2045 767 2077 versu
777 2027 857 2077 dicere
869 2044 919 2076 non
931 2034 976 2087 est,

353 2112 436 2177 Signia
448 2113 565 2177 perfacile
576 2118 630 2161 est:
648 2111 718 2160 venit
728 2110 853 2161 vilissima
863 2127 946 2160 rerum

354 2196 404 2246 Hie
414 2212 485 2261 aqua,
498 2195 542 2244 sed
552 2194 626 2259 panis
637 2194 710 2257 longe
721 2194 909 2259 pulcherrimus,
920 2195 988 2244 ultra

354 2279 467 2330 Callidus
479 2286 504 2328 et
515 2279 594 2328 soleat
603 2278 696 2327 umeris
708 2284 807 2343 portare
817 2277 899 2326 viator
908 2295 914 2337 ;
1122 2282 1156 2327 90

354 2364 421 2413 Nam
433 2362 525 2412 Canusi
537 2360 673 2426 lapidosus,
685 2376 755 2424 aquae
767 2376 816 2409 non
827 2359 904 2410 ditior
915 2377 978 2411 urna

355 2445 405 2502 uui
416 2447 484 2495 locus
496 2461 511 2494 a
522 2444 582 2494 forti
594 2442 714 2492 Diomede
726 2449 765 2491 est
774 2442 888 2492 conditus
900 2442 968 2493 olim.

356 2528 487 2578 Flentibus
499 2526 558 2575 hinc
568 2527 661 2575 Varius
672 2524 778 2574 discedit
788 2532 889 2574 maestus
900 2525 995 2577 amicis.

358 2611 420 2660 Inde
431 2608 517 2658 Rubos
529 2608 589 2657 fessi
600 2607 766 2672 pervenimus,
777 2613 864 2672 utpote
874 2609 976 2673 longum

433 2763 466 2803 70.
479 2761 624 2812 producimus.
725 2760 756 2799 76.
770 2770 850 2800 omnes.
957 2762 989 2801 86.
1002 2761 1080 2802 rhedis.

508 2826 540 2865 88.
555 2824 565 2864 l
578 2822 708 2872 perfacilest.
806 2824 838 2863 92.
853 2824 863 2863 ‘3
877 2823 1005 2865 Diomedeat.
