2475 3284
266 229 460 279 CARMINUM
477 229 544 279 LIB.
563 229 585 279 I.
602 245 645 278 xx.

418 410 493 461 xix.
657 377 735 487 [s

187 543 283 592 Marna
295 559 361 593 saeva
373 543 532 608 Cupidinum,

221 626 392 690 Thebanaeque
401 625 473 691 jubet
483 643 522 675 me
535 625 643 674 Semeles
654 641 722 689 puer,

188 710 223 758 Et
234 709 328 758 lasciva
338 708 458 769 Licentia,

221 791 314 840 Finitis
326 793 437 841 animum
448 792 550 841 reddere
561 790 695 841 amoribua

187 874 248 922 Urit
258 891 298 924 me
309 875 420 939 Glycerae
432 875 499 924 nitor

221 956 380 1021 Splendentis
391 958 466 1007 Pario
478 975 599 1008 marmore
611 957 712 1022 purius:

187 1039 248 1089 Urit
259 1047 331 1103 grata
342 1041 501 1105 protervitas,

220 1121 255 1170 Et
266 1124 349 1171 voltus
361 1123 467 1172 nimium
477 1123 587 1174 lubricus
599 1122 703 1188 adspici.

188 1205 221 1253 In
232 1222 272 1254 me
283 1212 337 1255 teta
348 1223 422 1254 nuens
434 1207 519 1256 Venus

224 1288 334 1354 Cyprum
345 1289 469 1349 desemit;
488 1306 532 1340 nec
544 1289 641 1355 patitur
652 1289 763 1354 Scythae,

190 1368 226 1421 Et
235 1371 315 1421 versis
327 1373 466 1422 animosum
477 1373 546 1438 equis

223 1455 346 1505 Parthum
357 1456 445 1516 dicere,
458 1474 502 1506 nec
512 1473 566 1521 quae
577 1456 643 1505 nihil
655 1455 769 1505 attinent

190 1538 241 1588 Hic
251 1539 337 1588 vivum
348 1539 410 1587 mihi
422 1540 554 1605 caespitem,
566 1539 608 1589 hic

223 1622 357 1682 Verbenas,
370 1622 448 1687 pueri,
459 1623 554 1687 penite,
566 1623 689 1687 thuraque

189 1705 258 1754 Bimi
269 1722 325 1754 cum
336 1711 422 1769 patera
434 1705 509 1754 meri:

222 1789 335 1837 Mactata
345 1788 430 1838 veniet
440 1789 520 1839 lenior
531 1788 622 1838 hostia.

428 1955 488 2003 XX

192 2086 259 2134 V1nn
271 2085 368 2150 potabis
380 2085 483 2134 modicis
494 2085 614 2135 Sabinum

193 2169 336 2229 Cantharis,
349 2169 435 2217 Graeca
446 2167 511 2232 quod
522 2184 566 2231 ego
579 2167 631 2232 ipae
643 2174 709 2216 testa

192 2244 326 2301 Conditurn
338 2250 395 2309 levi,
408 2249 481 2299 datus
493 2250 519 2299 in
531 2250 629 2299 theatro

325 2334 389 2383 Cum
399 2332 447 2383 tibi
459 2334 570 2398 plausus,

193 2452 258 2501 Care
268 2451 393 2500 Maecenas
404 2465 485 2513 aquea,
497 2453 527 2497 ut
536 2446 635 2512 paterni

193 2532 318 2584 Fluminis
329 2532 397 2596 ripae,
410 2531 484 2580 simul
496 2536 522 2579 et
528 2528 613 2594 jocosa

191 2616 317 2666 Redderet
328 2614 413 2664 laudes
425 2613 472 2663 tibi
484 2611 600 2662 Vaticani

325 2696 421 2748 Montis
432 2696 522 2760 image.

159 2815 358 2858 annana
410 2794 552 2878 flamm.
610 2808 759 2850 naam

883 545 1026 587 astat&

883 885 1058 941 meana

886 2469 1057 2522 ecana

886 2699 1045 2741 &QLMAE
