2475 3284
350 220 496 271 EPODON
512 221 574 272 XII.

428 482 491 537 XII.

126 618 197 673 Qum
208 614 256 666 tibi
267 615 313 677 vis,
326 617 416 667 mulier
427 618 504 683 nigris
516 618 664 683 dignissima
675 618 777 669 barris?

160 701 267 749 Munera
277 717 321 749 our
332 700 401 761 mihi,
413 700 503 765 quidve
514 703 622 751 tabellas

127 782 220 843 Mittis,
232 799 276 832 nee
286 784 358 833 firmo
365 782 460 848 juveni,
474 799 551 847 neque
564 784 634 833 naris
645 784 746 835 obesae?

160 866 273 929 Namque
285 865 397 930 sagacius
408 882 473 915 unus
485 865 580 925 odoror,

80 953 96 999 5
130 948 249 1012 Polypus,
261 964 293 996 an
301 947 385 1012 gravis
396 947 501 997 hirsutis
513 950 586 997 cubet
596 948 679 998 hircus
690 948 717 997 in
729 949 785 1008 alis,

161 1031 241 1086 Quam
252 1030 321 1080 oanis
333 1048 395 1091 aeer,
410 1031 453 1080 ubi
464 1032 544 1080 lateat
555 1048 605 1080 sus.

127 1113 177 1170 Qui
189 1112 263 1162 sudor
274 1113 348 1162 vietis
360 1119 385 1162 et
396 1130 470 1178 quam
481 1114 562 1162 malus
574 1112 683 1178 undique
694 1113 812 1163 membris

161 1195 256 1246 Crescit
267 1195 340 1245 odor!
358 1213 421 1256 oum,
433 1213 496 1261 pene
508 1197 598 1256 soluto,

46 1270 50 1278 ⁴
128 1278 279 1327 Indomitam
290 1284 407 1343 properat
417 1277 512 1327 rabiem
524 1278 625 1338 sedare;
643 1296 721 1344 neque
734 1279 773 1328 illi

62 1365 93 1410 10
162 1362 220 1410 Jam
230 1367 316 1409 manet
326 1360 429 1409 humida
440 1367 515 1419 creta,
527 1362 641 1426 colorque

128 1444 238 1493 Stercore
250 1444 348 1492 fucatus
360 1442 492 1492 erooodili!
507 1442 608 1508 jamque
622 1444 734 1494 subando

162 1528 242 1575 Tanta
253 1525 346 1575 cubilia
357 1532 468 1590 tactaque
480 1526 581 1590 rumpit.

129 1608 175 1657 Vel
186 1624 242 1657 mea
253 1624 328 1672 quum
341 1607 414 1656 saevis
426 1607 506 1671 agitat
517 1608 620 1658 fastidia
632 1609 716 1659 verbis
724 1625 765 1659 :-

146 1691 266 1740 ‘Inachia
277 1692 381 1754 langues
392 1690 476 1739 minus
488 1707 516 1739 ae
527 1707 581 1741 me:

63 1779 93 1825 15
128 1773 257 1823 Inachiam
268 1780 307 1822 ter
318 1779 389 1822 noete
400 1779 486 1838 potes3
503 1773 565 1821 mihi
578 1790 675 1838 semper
686 1773 719 1822 ad
730 1791 806 1823 unum

160 1855 247 1905 Mollis
258 1872 334 1921 opus:
352 1862 438 1920 pereat
448 1857 521 1915 male,
533 1872 588 1920 quae
599 1862 632 1915 te,

127 1939 225 1998 Lesbia,
236 1939 357 2003 quaeranti
368 1945 475 1998 taurum,
487 1937 639 1987 monstravit
650 1937 769 1997 inertem

162 2022 224 2072 Oum
235 2021 298 2069 mihi
310 2021 376 2070 Cous
388 2020 487 2071 adesset
497 2023 630 2086 Amyntas,

128 2103 205 2170 Cujus
216 2104 243 2152 in
254 2103 375 2152 indomito
386 2103 540 2152 constantior
550 2103 653 2167 inguine
665 2120 763 2163 nerana,

59 2191 92 2236 20
160 2187 241 2243 Quam
253 2203 318 2236 nova
328 2186 434 2235 collibus
446 2188 521 2235 arbor
531 2187 645 2236 inhaeret.

126 2269 266 2319 Muricibue
278 2268 361 2333 Tyriis
373 2257 469 2318 iteratae
480 2269 571 2318 vellere
582 2271 648 2320 lanae

162 2351 208 2402 Oui
219 2350 434 2416 properabantur?
451 2350 499 2400 tibi
511 2368 613 2416 nempe3

126 2436 166 2484 Ne
177 2436 242 2484 foret
253 2434 354 2498 aequalis
366 2433 432 2483 inter
443 2434 554 2494 conviva,
566 2434 647 2498 magis
658 2452 731 2502 quem

161 2517 285 2582 Diligeret
295 2516 386 2565 mulier
397 2533 449 2577 sua,
462 2534 536 2581 quam
547 2524 580 2566 te.

57 2605 91 2651 25
127 2601 149 2650 Ο
161 2617 206 2665 ego
218 2598 315 2659 infelix,
327 2616 402 2664 quam
413 2606 442 2648 tu
453 2600 528 2664 fugis,
539 2608 569 2649 ut
579 2606 656 2665 pavet
666 2599 731 2649 aeris

161 2685 234 2748 Agna
245 2684 326 2748 lupos,
338 2698 478 2748 capreaeque
489 2683 587 2733 leones?
621 2712 627 2725 ι

289 2823 321 2863 23.
335 2823 432 2871 aquales.
527 2824 559 2865 25.
573 2831 638 2863 aerea.

457 2900 473 2935 L

888 2297 920 2327 21.
934 2284 958 2325 0.
968 2287 986 2325 2.
997 2285 1028 2324 16.
1038 2285 1069 2322 36.

888 2682 921 2724 26.
936 2682 1080 2730 c.1.15.29;

1000 2734 1061 2772 23.1.
