2475 3284
116 1169 148 1197 ur.
162 1158 215 1199 (1.4.
226 1158 246 1195 3.
256 1158 287 1196 17.

114 1324 160 1361 Sao.
173 1320 198 1360 0.
206 1322 226 1360 4.
236 1323 255 1359 2.
264 1321 296 1360 35.

177 1372 216 1420 Ep.
226 1373 246 1410 4.
255 1372 275 1411 7.

116 1494 147 1523 ιο.
160 1482 200 1531 Ep.
209 1483 241 1522 16.
250 1484 270 1521 2.

584 220 611 282 e.
628 220 766 271 uenum
783 219 910 269 annue]

437 355 486 412 An,
498 352 520 401 si
531 352 587 417 quis
598 359 653 402 etro
664 352 737 403 dente
748 370 787 402 me
799 350 924 417 petiverit,
1107 357 1139 402 15

470 435 570 485 Inultus
582 443 611 485 ut
621 437 686 486 flebo
697 436 776 501 puer?

708 602 768 652 VH.

437 735 502 794 Quo,
513 751 562 799 quo
573 735 670 784 scelesti
681 734 775 784 ruitis?
793 741 837 785 aut
848 751 891 783 eur
901 732 1011 783 dexteris

470 820 597 883 Aptantur
607 822 678 868 enses
689 817 803 869 conditi?

436 903 560 951 Parumne
571 902 665 967 eampis
677 909 750 966 atque
761 902 878 967 Neptuno
890 918 964 965 super

470 985 563 1033 Fusum
574 992 613 1034 est
623 984 708 1034 Latini
719 984 856 1048 sanguinis,

438 1067 495 1117 Non
506 1074 535 1116 ut
546 1069 665 1132 superbas
676 1067 768 1119 invidae
779 1067 939 1131 Carthaginis
1122 1071 1137 1115 5

471 1150 598 1200 Romanus
609 1167 678 1199 ames
689 1157 785 1200 ureret:

438 1234 551 1284 Iutaetus
562 1240 607 1283 aut
616 1233 754 1283 Britannus
765 1239 795 1282 ut
804 1233 962 1283 descenderet

471 1317 546 1365 Sacra
556 1321 685 1365 catenatus
695 1315 758 1365 Via:

438 1398 486 1449 Sed
496 1405 532 1457 ut,
544 1398 679 1448 secundm
689 1405 748 1448 vota
758 1399 916 1457 Parthorum,
930 1416 975 1448 sua

471 1481 539 1531 Urbs
550 1481 707 1546 haeeperiret
718 1481 838 1533 dextera?
1108 1486 1138 1529 10

438 1565 523 1629 Neque
534 1564 575 1614 hie
586 1565 653 1630 lupis
664 1582 726 1624 mos,
740 1582 784 1615 nee
795 1565 845 1614 fuit
856 1565 977 1623 leonibus,

471 1648 602 1712 Umquam,
615 1648 665 1697 nisi
676 1648 703 1697 in
714 1648 808 1714 dispar,
821 1649 889 1698 feris.

437 1731 548 1781 Fureme
559 1747 645 1789 caseus,
658 1748 690 1780 an
701 1731 769 1796 rapit
779 1731 819 1781 vis
831 1731 930 1781 acrior?

472 1814 513 1862 An
524 1814 616 1878 eulpa?
633 1830 780 1879 responsum
791 1814 890 1864 date.-

439 1896 547 1954 Taeent;
566 1903 591 1944 et
602 1897 676 1945 albus
687 1914 731 1947 ora
741 1898 824 1962 pallor
834 1897 920 1956 inficit,
946 1956 952 1967 ⁴
977 1932 988 1967 A
1004 1927 1087 1967 ΜΛ
1109 1898 1139 1944 15

471 1978 617 2042 Mentesque
628 1979 747 2042 perculsae
756 1985 864 2043 stupent.
902 1988 907 1995 '
920 1986 954 2023 ev*

438 2059 479 2109 sie
489 2066 541 2119 est;
559 2062 648 2109 aeerba
658 2061 712 2111 fata
723 2061 850 2110 Romanos
862 2068 946 2125 agunt,

471 2142 602 2206 Seelusque
613 2144 730 2193 fraterna
741 2143 817 2203 neeis,

438 2225 476 2274 Ut
485 2224 640 2274 immerentis
650 2225 725 2274 fluxit
735 2225 761 2274 in
773 2232 865 2276 temam
877 2226 950 2275 Remi

471 2308 545 2357 Sacer
556 2307 689 2372 nepotibus
700 2324 779 2359 cruor.

610 2496 612 2500 -
701 2465 777 2515 VIII.

439 2596 548 2646 Rouana
559 2597 634 2660 longo
645 2596 758 2661 putidam
769 2603 794 2645 te
806 2597 903 2655 saecu10‚

471 2679 544 2728 Vires
556 2679 615 2744 quid
627 2686 727 2729 enervet
738 2681 827 2728 meas?

478 2811 518 2843 vn.
531 2805 551 2843 4.
565 2803 576 2844 v
589 2803 690 2843 nasama.
782 2805 802 2842 a.
816 2801 963 2851 menagius.
