2475 3284
336 179 406 230 ras
425 180 580 231 rorrrcr.
640 148 643 152 ’

80 297 84 306 l
99 311 155 362 Sed
167 328 235 362 nunc
246 328 296 362 non
308 319 362 362 erat
372 312 412 362 his
423 312 499 365 locus.
533 313 568 363 Et
578 315 686 363 fortasse
697 330 841 378 cupressum

47 398 80 444 20
100 395 160 444 Scis
173 395 305 445 simulare:
323 395 446 459 quidhoc,
459 396 481 445 si
493 397 579 446 fractis
592 404 679 446 enatat
690 413 777 461 exspes

100 478 231 538 Navibus,
243 494 290 527 aere
301 478 360 528 dato
371 479 413 544 qui
425 466 557 544 pingitur?
584 481 714 544 Amphora
725 480 800 545 coepit

102 560 229 621 Institui3
246 569 359 611 currente
370 552 425 612 rota
436 580 480 612 cur
490 580 577 613 urceus
589 564 662 614 exit?

104 644 223 710 Denique
235 645 269 694 sit
279 645 377 708 quidvis
389 645 496 710 simplex
506 646 637 697 dumtaxat
648 653 674 695 et
684 663 770 697 unum.

103 727 223 777 Maxima
234 744 292 793 pars
303 736 396 788 vatum,
408 736 480 793 pater
491 737 516 778 et
525 728 631 795 juvenes
642 737 714 794 patre
725 730 804 794 digni,

53 814 86 860 25
105 810 255 876 Decipimur
266 811 346 875 specie
356 812 432 862 recti:
450 813 533 875 brevis
546 830 600 862 esse
612 814 706 873 laboro,

106 894 237 943 Obscurus
249 895 295 953 fio;
313 901 448 944 sectantem
459 896 525 944 levia
536 896 606 945 nervi

59 1024 62 1028 .
107 976 237 1026 Deficiunt
247 976 385 1042 animique;
403 980 530 1042 professus
541 977 647 1041 grandia
657 986 754 1043 turget3

107 1059 194 1124 Serpit
205 1059 275 1108 humi
286 1067 356 1109 tutus
368 1060 474 1110 nimium
484 1060 635 1126 timidusque
646 1063 774 1126 procellae;

82 1147 86 1152 '
107 1144 160 1199 Qui
171 1143 268 1193 variare
279 1138 349 1208 cupit
358 1161 412 1193 rem
423 1144 595 1209 prodigialiter
605 1161 690 1204 unam,

58 1231 90 1275 30
108 1225 263 1291 Delphinum
275 1226 347 1276 silvis
359 1228 479 1293 appingit,
491 1228 607 1277 fluctibus
619 1217 716 1293 aprum.

105 1308 142 1360 In
153 1310 243 1360 vitium
254 1310 322 1360 ducit
332 1312 411 1376 culpae
422 1312 488 1375 fuga,
501 1311 522 1360 si
534 1318 602 1360 caret
612 1319 674 1362 arte.
886 1333 917 1371 31·
931 1323 952 1361 s.
962 1324 980 1362 1.
990 1324 1009 1361 a.
1019 1323 1051 1360 24.

109 1392 242 1442 AEmilium
253 1392 318 1442 circa
328 1394 414 1442 ludum
425 1395 496 1451 faber
506 1410 572 1443 unus
583 1402 607 1443 ot
618 1410 713 1458 ungues
885 1417 936 1447 ana.
950 1407 971 1447 s.
981 1408 1001 1446 2.
1010 1408 1029 1446 3.
1039 1408 1070 1445 ⁸24.

109 1476 249 1540 Exprimit,
261 1482 287 1525 et
297 1476 380 1525 mollis
391 1465 532 1526 imitabitur
543 1493 590 1526 aere
602 1478 714 1541 capillos,

113 1559 210 1608 Infelix
221 1559 302 1624 operis
314 1576 418 1620 summa,
430 1560 488 1624 quia
498 1576 590 1624 ponere
601 1567 681 1614 totum
883 1582 933 1620 pon.
948 1565 971 1611 0.
981 1573 1000 1609 4,
1010 1571 1029 1609 8.
1039 1572 1063 1618 0ι

63 1646 94 1692 35
113 1642 220 1709 Nesciet.
254 1642 330 1691 Hunc
341 1658 385 1706 ego
396 1660 442 1701 me,
455 1642 477 1691 si
489 1640 549 1707 quid
559 1660 704 1708 componere
716 1661 805 1706 curem,

68 1719 71 1725 ⁴
114 1725 170 1774 Non
181 1724 261 1789 magis
272 1741 326 1776 esse
336 1723 413 1774 velim
424 1741 498 1789 quam
509 1742 570 1774 naso
581 1725 665 1775 vivere
676 1742 761 1790 pravo,

116 1808 280 1873 Spectandum
291 1808 368 1872 nigris
380 1809 457 1858 oculis
469 1808 587 1873 nigroque
599 1810 698 1873 capillo.
888 1831 919 1870 37.
933 1818 956 1858 0.
967 1820 984 1857 1.
995 1819 1026 1858 32.
1037 1819 1068 1857 11.

117 1890 208 1941 Sumite
219 1891 350 1941 materiam
360 1891 459 1951 vostris,
471 1891 514 1956 qui
526 1891 644 1951 scribitis,
656 1909 752 1956 aequam

116 1974 216 2024 Viribus
227 1982 253 2024 et
263 1982 360 2024 versate
372 1975 423 2033 diu,
435 1974 495 2039 quid
506 1976 571 2024 ferre
582 1982 704 2035 recusent,
887 1998 927 2028 rec.
940 1987 994 2027 ΕΔ,
1004 1988 1023 2027 1.
1033 1988 1078 2027 259.

66 2066 98 2111 40
117 2060 181 2116 Quid
190 2062 293 2111 valeant
301 2061 406 2111 humeri.
440 2060 487 2110 Oui
498 2062 563 2110 lecta
574 2067 688 2125 potenter
699 2059 747 2108 erit
758 2075 806 2117 res,

117 2143 167 2192 Nec
177 2142 293 2205 facundia
303 2142 400 2192 deseret
410 2143 476 2193 hunc
487 2159 532 2192 nec
542 2142 639 2191 lucidus
651 2141 719 2191 ordo.

118 2225 217 2275 Ordinis
228 2225 281 2275 haec
291 2225 371 2275 virtus
383 2225 431 2274 erit
442 2231 468 2274 et
478 2242 563 2285 venus,
576 2231 621 2274 aut
632 2240 676 2286 ego
687 2225 769 2284 fallor,
854 2255 858 2260 ·

117 2309 154 2357 Ut
160 2306 214 2373 J'am
225 2325 290 2357 nune
300 2297 368 2357 di'cat
374 2306 428 2373 jam
439 2324 505 2357 nunc
515 2307 632 2357 debentia
643 2306 698 2366 dici,

33 2383 34 2420 2
117 2392 236 2455 Pleraque
247 2390 347 2440 differat
358 2397 383 2440 et
393 2407 502 2455 praesens
513 2390 540 2439 in
551 2398 649 2455 tempus
661 2389 777 2449 omittat;

71 2478 101 2525 45
118 2474 255 2532 Hocamet,
266 2472 312 2521 hoc
324 2479 426 2537 spernat
436 2471 552 2537 promissi
564 2472 681 2522 carminis
693 2479 785 2522 auctor.

119 2556 151 2604 In
162 2555 243 2606 verbis
255 2557 331 2605 otiam
341 2555 424 2605 tenuis
435 2562 569 2620 cautusque
580 2556 699 2615 serendis,

120 2637 218 2688 Dixeris
229 2639 333 2703 egregie,
345 2631 431 2689 notum
443 2638 464 2688 si
476 2638 567 2688 callida
576 2640 681 2690 verbum

33 2773 34 2824 t
123 2771 337 2822 raquodvls3quod
345 2771 385 2813 vta.
480 2773 512 2813 32.
526 2771 589 2814 lmus.
688 2774 720 2814 ³3.
733 2773 813 2814 molles.

460 2852 478 2885 U
573 2859 575 2864 ,
