2475 3284
145 2118 184 2149 rea
197 2108 270 2147 o.103.

203 2160 228 2198 Il.
239 2160 257 2199 1.
268 2159 286 2198 1.
296 2158 328 2197 68.

613 220 641 281 Q.
658 219 796 270 HORATI
812 219 940 270 Fnsool

367 354 424 403 Non
435 352 524 403 habitu
534 358 646 403 mutatve
657 354 717 412 loeo,
729 359 843 418 peccatve
855 369 967 418 superne.
1190 405 1194 412 .

367 437 430 486 (lum
442 442 467 485 te
478 435 594 485 formidet
604 435 694 485 mulier
705 452 783 500 neque
794 435 879 485 credet
888 436 991 497 amanti,
1145 441 1184 486 65

366 518 421 568 Ibis
434 520 480 568 sub
491 520 587 569 furcam
598 519 707 584 prudens
718 519 865 583 dominoque
875 520 968 569 fruenti

367 601 513 651 Committes
521 619 574 651 rem
582 618 680 651 omnem
688 609 714 651 et
722 603 799 652 vitam
808 609 833 651 et
841 619 897 652 oum
905 619 1005 667 corpore
1013 602 1119 652 famam.

366 686 468 736 Evasti:
486 684 566 746 credo,
578 692 672 735 metues
684 686 818 751 doctusque
829 685 941 746 cavebis;

367 770 468 825 Quaeres
480 769 578 833 quando
588 768 680 819 iterum
690 785 781 834 paveas
792 769 930 833 iterumque
940 769 1021 834 perire

367 853 461 912 Possis,
473 869 488 902 o
499 851 591 902 totiens
603 856 703 902 servus!
737 853 798 908 Quae
809 852 883 901 belua
893 851 975 916 ruptis
1142 854 1160 905 7
1163 856 1182 900 0

368 937 432 986 Cum
442 935 519 986 semel
530 934 624 999 effugit,
635 934 718 984 reddit
728 951 755 983 se
765 950 843 998 prava
854 934 967 984 catenis?

367 1021 425 1070 Non
434 1036 489 1069 sum
497 1020 612 1079 moechus,
622 1018 671 1077 eis;
685 1035 763 1082 neque
771 1034 823 1081 ego,
832 1018 937 1076 hercule,
946 1018 995 1077 fur,
1003 1016 1048 1067 ubi
1056 1033 1121 1067 vasa

367 1104 491 1154 Praetereo
502 1102 602 1168 sepiens
613 1108 743 1165 argentea:
762 1101 822 1150 tolle
833 1099 960 1165 periclum,

368 1188 385 1237 J
385 1204 426 1236 em
436 1202 501 1250 vaga
511 1185 626 1250 prosiliet
636 1184 714 1234 frenis
726 1190 816 1233 nutura
827 1182 936 1232 remotis.

366 1270 437 1319 Tune
448 1269 510 1318 mihi
522 1267 644 1327 dominus,
656 1284 739 1316 rerum
750 1266 861 1332 imperiis
872 1266 1048 1331 hominumque
1139 1270 1180 1320 75

366 1352 416 1401 Tot
425 1351 551 1415 tantisque
561 1350 651 1410 minor,
662 1367 735 1414 quem
745 1357 784 1400 ter
793 1350 907 1400 vindicta
915 1356 1050 1415 quaterque

368 1434 490 1499 Imposita
500 1433 567 1483 houd
577 1449 694 1497 umquam
704 1432 796 1482 misera
806 1432 939 1482 formidine
949 1432 1049 1496 privet?

367 1515 438 1565 Adde
450 1532 523 1581 super
534 1514 607 1564 (lictis
617 1514 684 1579 quod
694 1532 743 1564 non
753 1514 834 1564 levius
844 1516 940 1565 valeat:
958 1529 1018 1564 uam

369 1599 426 1649 Sive
437 1598 544 1649 vicarius
556 1605 601 1657 eet,
613 1598 656 1662 qui
668 1614 739 1647 servo
749 1597 892 1662 paret-uti
902 1614 956 1647 mos

368 1681 458 1731 Vester
468 1680 582 1730 ait-seu
592 1697 737 1739 conservus;
751 1679 798 1730 tibi
810 1679 870 1744 quid
881 1696 936 1729 sum
945 1681 1006 1743 ego?
1023 1680 1121 1744 Nempe
1138 1684 1179 1730 80

369 1764 415 1823 Tu,
427 1763 489 1813 mihi
500 1763 543 1827 qui
555 1763 692 1828 imperitas,
704 1763 749 1812 alii
762 1763 840 1813 servis
851 1764 928 1812 miser
938 1769 1012 1827 atque

369 1847 472 1897 Duceris
483 1853 513 1896 ut
523 1846 605 1905 nervis
617 1845 706 1895 alienis
718 1846 809 1896 mobile
819 1846 923 1910 lignum.

370 1930 490 1986 Quisnam
501 1929 578 1994 igitur
589 1930 671 1979 liber?
708 1929 812 1994 Sapiens
824 1929 873 1979 sibi
884 1928 926 1994 qui
937 1928 1092 1994 imperiosus,

369 2014 448 2069 Quom
460 2030 538 2078 neque
548 2013 678 2078 pauperies
690 2029 768 2077 neque
776 2029 843 2061 mors
854 2029 932 2076 neque
942 2011 1043 2062 vinculo
1053 2019 1163 2071 terrent,

368 2097 525 2162 Responsare
536 2095 701 2161 cupidinibus,
713 2102 868 2145 contemnere
878 2094 985 2144 honores
1136 2098 1177 2145 85

369 2178 460 2238 Fortis,
473 2178 534 2228 etin
547 2177 639 2243 seipso
650 2184 726 2238 totus,
737 2186 803 2228 teres
814 2184 888 2242 atque
898 2175 1028 2236 rotundus,

370 2261 475 2312 Externi
486 2278 517 2311 ne
528 2260 588 2325 quid
597 2262 682 2311 valeat
692 2278 737 2326 per
748 2262 801 2311 leve
812 2260 912 2319 morari,

281 2411 285 2418 ᾗ
370 2345 486 2409 Inquem
496 2360 584 2394 mance
595 2343 872 2409 mitsemperfortuna.
905 2343 1013 2392 Potesne

371 2428 411 2477 Ex
420 2427 461 2477 his
473 2433 502 2476 ut
512 2426 640 2492 proprium
651 2426 711 2490 quid
722 2427 840 2476 noscere?
873 2425 988 2489 Quinque
999 2426 1095 2475 talento

371 2510 455 2560 Poscit
465 2516 490 2559 te
502 2509 599 2568 mulier,
610 2516 686 2558 vexet
696 2509 838 2573 foribusque
849 2510 977 2573 repulsum
1141 2512 1180 2560 90

276 2586 279 2592 ’
371 2592 504 2643 Perfundit
514 2592 604 2656 gelide,
616 2608 703 2641 rursus
713 2599 799 2642 vocat:
816 2591 884 2656 eripe
895 2591 963 2656 turpi

373 2676 443 2726 Colla
449 2673 526 2742 jugo;
542 2674 626 2734 Liber,
638 2674 703 2724 liber
713 2691 776 2734 sum,
787 2674 828 2723 dic
838 2690 883 2738 age
893 2680 899 2724 l
933 2674 991 2724 Non
1002 2672 1072 2738 quis:

719 2808 751 2848 81.
765 2807 821 2848 aliis.
