2475 3284
309 218 518 270 SATLRARUM
534 219 600 272 LIB.
617 220 639 273 Ι.
656 220 683 272 ii.

145 353 192 403 Est
203 352 229 401 in
241 359 364 411 matrona,
376 353 468 402 ancille
478 369 594 417 peccesne
605 355 711 417 togate?

90 483 93 487 ,
144 436 236 485 Villius
248 435 274 484 in
286 435 308 483 F
308 442 381 484 suste
392 435 468 484 Sullae
479 451 562 498 gener,
573 435 619 484 hoc
631 436 707 486 miser
717 452 767 485 uno

96 525 127 571 65
145 519 252 569 Nomine
263 518 388 583 deceptus,
400 535 487 582 poenas
497 518 568 567 dedit
578 535 655 582 usque
667 535 788 583 superque

144 604 225 659 Quum
236 601 299 651 setis
311 608 350 651 est
361 600 451 666 pugnis
462 617 539 650 coesus
551 602 665 665 ferroque
676 602 778 666 petitus,

144 685 266 734 Exclusus
278 685 340 742 fore,
351 699 407 733 cum
417 683 579 747 Longarenus
590 685 656 733 foret
666 684 743 735 intus.

145 766 211 817 Huic
222 767 244 815 si
255 764 366 815 mutonis
377 766 461 815 verbis
472 766 540 815 male
547 771 624 816 tenta
633 766 743 817 videntis

146 850 244 900 Diceret
251 849 304 899 haec
313 849 426 898 enimus:
444 848 559 905 Quidvis
567 849 635 898 tibi?
658 850 786 914 Numquid
794 860 896 916 egoate

99 937 129 987 70
145 932 239 995 Magno
249 938 399 996 prognatum
409 930 514 996 deposco
525 932 625 981 consule
637 949 745 982 cunnum

145 1016 310 1079 Velatumque
322 1015 394 1074 stola,
405 1031 461 1063 mea
472 1030 528 1063 curn
539 1015 680 1065 conferbuit
690 1016 748 1067 ira?

146 1097 212 1154 Quid
223 1096 405 1162 responderet?
439 1097 533 1161 Magno
544 1104 615 1162 petre
628 1105 688 1147 nata
699 1100 784 1163 puelle
795 1107 841 1151 est.

95 1191 98 1197 ’
146 1183 181 1230 At
191 1187 285 1244 quanto
296 1180 401 1229 meliore
410 1187 496 1230 monet
507 1180 692 1245 pugnantiaque
703 1182 761 1232 istis
920 1206 970 1245 puy.
981 1196 1002 1236 s.
1012 1196 1031 1235 1.
1042 1195 1114 1233 1.10·2.

146 1263 223 1312 Dives
235 1263 290 1327 opis
302 1268 393 1312 nature
404 1278 463 1321 suae,
475 1268 504 1311 tu
515 1261 622 1312 simodo
633 1272 699 1313 recte

101 1350 130 1400 75
147 1346 300 1410 Dispensure
310 1345 375 1394 velis
386 1361 415 1394 ac
426 1361 476 1394 non
488 1344 607 1410 fugienda
618 1347 732 1411 petendis
918 1363 968 1409 sup.
982 1360 1003 1400 s.
1013 1360 1031 1397 1.
1042 1360 1060 1396 3.
1071 1358 1115 1396 114.

146 1428 296 1479 Immiscere.
331 1428 384 1478 Tuo
394 1428 458 1478 vitio
468 1445 583 1479 rerumne
594 1430 699 1489 labores,

147 1513 191 1561 Nil
201 1513 295 1562 referre
306 1513 400 1577 putas?
433 1512 517 1567 Quare
528 1529 559 1561 ne
570 1512 689 1576 poenitent
699 1520 733 1573 te,

148 1596 241 1645 Desine
252 1602 380 1645 matronas
392 1594 516 1653 secterier,
528 1595 594 1644 unde
605 1596 701 1646 laberis

57 1690 60 1697 ’
148 1679 209 1727 Plus
220 1678 322 1728 haurire
332 1677 394 1726 meli
405 1685 444 1725 est
455 1693 530 1741 quem
541 1694 572 1726 ex
582 1694 609 1726 re
620 1677 750 1744 decerpere
762 1681 865 1732 fructus.

103 1766 132 1811 80
148 1761 200 1810 Nec
210 1760 292 1824 magis
303 1760 361 1809 huic
371 1760 438 1808 inter
448 1758 534 1808 niveos
545 1759 685 1825 viridesque
697 1762 805 1826 lapillos,

150 1843 188 1892 Sit
203 1844 264 1892 licet
280 1843 334 1902 hoe,
347 1841 471 1901 Cerintho,
483 1848 562 1901 tuum,
574 1848 687 1893 tenerum
704 1851 744 1894 est
759 1846 840 1896 femur
856 1855 900 1896 eut

215 1941 272 1974 crus

149 2008 261 2069 Rectius,
274 2015 347 2072 atque
359 2007 434 2057 etiem
445 2007 536 2057 melius
547 2024 656 2072 pensaepe
667 2015 759 2073 tegetes
770 2017 817 2062 est.

149 2091 220 2142 Adde
231 2092 279 2140 huc
290 2090 356 2155 quod
366 2107 471 2140 mercem
484 2090 538 2140 sine
550 2090 612 2140 fucis
624 2099 714 2154 gestet,
726 2103 811 2158 aperte

150 2173 223 2228 Quod
233 2173 321 2222 renale
332 2173 409 2222 hebet
420 2172 537 2232 ostendit,
549 2190 594 2222 nec
606 2173 628 2221 ei
639 2174 699 2238 quid
710 2176 809 2226 honesti
821 2185 859 2227 est

71 2316 73 2320 Ι
103 2262 133 2308 85
150 2258 167 2306 J
167 2264 236 2307 octat
246 2257 368 2320 habetque
379 2257 470 2320 pelam,
482 2256 572 2320 quaerit
582 2273 630 2320 quo
641 2259 725 2323 turpia
736 2261 805 2310 celet.

150 2339 262 2403 Regibus
273 2339 314 2388 hie
324 2356 378 2388 mos
390 2345 442 2388 est:
461 2338 504 2388 ubi
516 2355 590 2402 equos
602 2349 750 2402 mercentur,
762 2351 860 2408 opertos

150 2421 300 2486 lespiciunt,
312 2438 351 2480 ne,
364 2420 385 2470 si
396 2420 472 2470 socies
483 2428 513 2469 ut
524 2437 588 2485 soepe
599 2421 687 2472 decore

150 2504 226 2554 Molli
237 2505 303 2552 fulta
314 2503 375 2568 pede
387 2509 432 2563 est,
445 2510 581 2567 emptorem
592 2503 694 2555 inducat
704 2506 823 2567 hiantem,

151 2586 225 2642 Quod
235 2586 346 2651 pulchros
356 2587 449 2645 clunes,
456 2586 531 2635 breve
542 2586 608 2651 quod
619 2596 701 2652 caput,
714 2590 791 2641 ardue
802 2593 892 2644 cervix.

153 2749 186 2788 72.
201 2748 324 2796 spculast.
416 2749 448 2787 79.
463 2748 473 2788 t
486 2749 568 2790 maliet.
656 2751 688 2791 81.
703 2751 713 2791 t
726 2754 852 2795 tenerumst

40 2814 45 2827 ·
130 2813 162 2852 82.
176 2812 187 2852 t
200 2814 281 2862 togetae
290 2814 340 2862 eet;
353 2814 385 2853 est
393 2823 434 2854 om.
443 2812 469 2854 B.
506 2815 540 2854 84.
553 2814 563 2854 ?
576 2813 689 2855 honestist.
727 2817 760 2857 88.
775 2817 877 2866 speciest

495 2891 516 2925 M
