2475 3284
294 219 503 271 snTlRARUM
520 221 586 271 LIB.
602 221 624 270 I.
641 220 674 270 iv
1049 221 1112 279 169

91 358 119 404 10
136 354 173 403 Ut
182 364 308 418 magnum,
321 369 408 403 versus
420 353 565 403 dictabatt
543 360 565 403 st
565 371 612 403 ans
624 352 704 419 pede
697 370 724 401 111
736 369 794 403 une.

135 437 196 487 Cum
207 438 296 486 fiueret
306 437 454 496 lutulentus,
467 443 521 486 eret
532 437 598 501 quod
609 437 697 486 tollere
708 453 738 485 ve
740 438 802 495 l;les
912 448 949 486 lut.
963 445 1095 486 011050.

134 519 257 569 Garrulus
269 524 343 583 etque
354 519 425 583 piger
436 519 559 569 scribendi
571 520 637 569 ferre
648 520 767 578 laborem,

135 601 264 651 Scribendi
275 608 354 651 recte:
373 618 432 650 nem
442 608 472 650 ut
482 603 597 661 multum,
610 602 648 650 nil
659 619 749 651 morer.
783 602 853 661 Ecce,

137 683 268 749 Crispinus
279 683 383 733 minimo
394 700 433 733 me
444 691 577 748 provocet:
595 685 694 749 Accipe,
707 685 728 733 si
740 685 788 743 vis,

91 769 120 817 15
135 766 264 831 Accipiam
275 767 389 826 tabulas3
407 766 480 815 detur
490 767 563 816 nobis
575 768 651 825 locus,
663 768 732 826 hora,

137 850 272 908 Oustedes3
289 849 417 899 videamus
429 855 485 898 uter
496 850 553 914 plus
565 849 672 899 scribere
684 850 772 914 possit.

136 932 169 981 Di
181 933 374 991 benefecerunt,
387 932 470 997 inopis
482 949 521 982 me
532 933 645 998 quodque
657 933 744 998 pusilli

137 1014 276 1063 Finxerunt
286 1014 372 1073 animi,
383 1031 441 1064 raro
452 1022 478 1063 st
488 1032 612 1080 perpauca
623 1016 755 1080 loquentis.

137 1099 172 1147 At
182 1104 211 1145 tu
222 1098 350 1147 conclusus
361 1097 464 1147 hircinis
476 1098 579 1147 follibus
592 1115 673 1157 eurus,

89 1185 121 1230 20
138 1181 223 1245 Usque
234 1181 384 1240 laborantes,
397 1180 456 1230 dum
467 1181 561 1230 ferrum
572 1181 672 1231 molliat
682 1181 757 1244 ignis,

138 1263 175 1312 Ut
185 1262 274 1321 mavis,
285 1263 392 1312 imitere.
426 1263 520 1312 Beatus
531 1263 645 1313 Fannius
656 1264 724 1313 ultre

139 1345 237 1394 Delatis
248 1345 331 1410 capsis
343 1353 369 1395 et
379 1345 495 1409 imagine,
507 1362 562 1395 cum
574 1362 630 1394 meu
642 1363 713 1395 nemo

139 1427 237 1492 Scripta
247 1429 316 1492 legat
326 1429 399 1492 volgo
409 1428 513 1478 recitare
526 1427 639 1477 timentis
651 1430 683 1478 eb
694 1429 759 1478 hanc
770 1445 822 1478 rem

139 1510 212 1566 Quod
222 1515 282 1560 sunt
292 1528 353 1575 quos
364 1527 442 1574 genus
453 1511 499 1560 hoe
507 1511 609 1560 minime
617 1510 699 1576 juvat,
708 1518 793 1576 utpote
805 1512 888 1576 plures

91 1598 123 1644 25
141 1594 242 1658 Oulperi
253 1594 349 1658 dignes.
383 1594 501 1650 Quemvis
513 1594 595 1644 medie
606 1611 663 1644 erue
674 1596 756 1652 turba,

139 1679 191 1727 Aut
202 1679 233 1727 ob
246 1678 378 1727 avaritiam
390 1684 434 1726 eut
444 1678 536 1728 misere
547 1677 684 1727 ambitione
695 1679 800 1728 laborat.
914 1685 946 1727 26.
960 1687 981 1725 s.
991 1687 1010 1725 1.
1020 1687 1095 1726 6119.

42 1776 45 1781 ’
140 1760 189 1810 Hic
200 1767 335 1825 nuptarum
347 1761 441 1810 insanit
452 1761 585 1819 amoribus,
597 1760 638 1810 hie
649 1777 796 1825 puerorum
961 1738 986 1777 E·
996 1738 1015 1776 ¹¹
1025 1738 1044 1775 ¹·
1057 1738 1089 1774 33'

127 1845 215 1894 'Hune
226 1844 294 1909 cepit
304 1843 401 1908 argenti
413 1844 543 1910 splend0r;
562 1850 648 1909 stupet
658 1843 749 1893 Albius
761 1859 823 1901 aere3
916 1853 954 1888 stu.
968 1848 989 1887 s.
1000 1850 1019 1887 1.
1029 1849 1048 1888 6.
1059 1849 1091 1888 17.

141 1926 190 1975 Hic
201 1933 283 1976 mutet
293 1943 386 1976 merces
398 1935 514 1991 surgente
526 1945 541 1977 a
553 1928 604 1976 sole
616 1926 649 1976 ad
660 1943 716 1975 eum
728 1942 777 1989 que

93 2012 124 2058 30
141 2009 290 2073 vespertina
301 2016 370 2074 tepet
379 2010 462 2073 regio:
480 2010 540 2074 quin
551 2027 596 2075 per
606 2010 674 2059 mala
685 2025 793 2075 praeceps
918 2022 949 2060 30·
963 2011 984 2050 S·
994 2011 1013 2050 ¹·
1024 2012 1043 2050 1.
1053 2013 1085 2050 39·

141 2091 231 2140 Fertur
242 2091 279 2140 uti
290 2092 373 2156 pulvis
385 2094 501 2142 collectus
512 2093 619 2152 turbine,
632 2110 663 2141 ne
674 2092 735 2157 quid
916 2097 962 2144 pul.
976 2095 1000 2135 0·
1010 2098 1028 2135 1.
1039 2097 1058 2134 ¹·
1067 2096 1086 2133 4.

142 2174 244 2223 Summa
255 2174 374 2239 deperdat
384 2182 496 2225 metuens
507 2183 551 2225 aut
562 2176 666 2241 ampliet
677 2182 706 2224 ut
716 2192 777 2225 rem.

143 2257 235 2306 Omnes
246 2257 272 2305 hi
284 2263 399 2307 metuunt
409 2274 505 2324 versus,
517 2257 589 2307 odere
601 2262 695 2323 poetes.

142 2338 245 2387 Faenum
256 2339 334 2389 habet
344 2339 370 2388 in
381 2356 465 2399 cornu,
477 2341 550 2404 longe
561 2341 633 2404 fuge:
651 2340 783 2391 dummodo
794 2341 872 2390 risum

94 2424 126 2471 35
143 2421 262 2470 Excutiat
273 2421 329 2481 eibi,
342 2438 391 2471 non
403 2421 444 2472 hie
455 2422 569 2487 cuiquem
580 2430 666 2487 parcet
676 2424 763 2484 amico,

143 2503 178 2552 Et
188 2503 355 2568 quodcumque
367 2505 444 2554 semel
455 2505 549 2554 chartis
561 2505 677 2564 illeverit‚
689 2523 774 2556 omnes

142 2586 242 2635 Gestiet
252 2603 268 2634 a
279 2587 353 2636 furno
365 2586 497 2637 redeuntes
511 2587 573 2637 scire
585 2589 688 2652 lacuque

143 2668 178 2716 Et
189 2685 277 2733 pueros
290 2674 315 2718 et
325 2686 396 2719 anus.
430 2669 551 2733 Agedum,
563 2687 642 2735 peuce
653 2670 735 2736 accipe
747 2678 840 2722 centra.

325 2802 357 2843 232
370 2801 443 2850 vulgo.
556 2803 589 2842 tt.
602 2800 663 2850 elige.
