2475 3284
260 232 513 284 EPISTOLARUM
530 234 597 285 ΗΒ.
614 236 678 285 Lx.

117 363 299 415 Dissimulator
309 365 364 431 opis
375 366 488 432 proprio,
500 366 562 416 mihi
574 367 716 418 commodus
727 368 779 418 uni.

68 451 100 498 10
118 447 159 498 Sio
170 464 214 513 ego
225 446 328 514 majoris
339 449 438 513 fugiens
449 451 583 515 opprobria
594 451 673 515 eulpae

117 529 219 580 Frontis
230 530 264 580 ad
274 533 375 581 urbanae
387 531 502 581 descendi
513 532 623 596 praemia.
658 533 730 588 Quod
741 532 763 582 si

119 613 268 678 Depositum
279 613 368 663 laudas
379 614 411 663 ob
422 614 496 664 amici
504 613 577 680 jussa
588 615 714 679 pudorem,
894 626 947 675 pud.
963 625 988 666 E.
997 625 1017 664 1.
1026 626 1045 665 1.
1054 603 1086 665 811.

120 695 205 746 Scribo
216 695 254 745 tui
265 696 349 761 gregis
359 696 425 747 hune
436 702 462 747 et
473 698 563 747 fortem
574 697 646 748 crede
657 699 805 763 bonumque.
897 702 942 741 ton.
956 700 979 741 0·
989 702 1009 741 4.
1017 702 1037 740 4.
1046 701 1079 742 ²⁹·

453 905 487 956 X.

121 1036 204 1086 Uerus
215 1042 352 1086 amatorem
363 1037 471 1087 Fuscum
483 1039 578 1088 salvere
587 1035 705 1103 jubemus

119 1118 197 1178 Ruris
208 1126 341 1179 amatores,
353 1119 401 1169 hoo
412 1120 439 1169 in
450 1137 477 1170 re
490 1120 584 1170 seilicet
595 1138 646 1170 una

118 1202 230 1251 Multum
242 1202 386 1262 dissimiles,
398 1209 426 1252 at
436 1209 518 1252 cetera
529 1219 599 1268 paene
610 1204 710 1267 gemelli

118 1284 249 1334 Fraternis
260 1285 352 1334 animis
362 1303 368 1345 ;
385 1284 506 1349 quidquid
516 1291 592 1349 negat
602 1286 675 1346 alter,
687 1292 713 1335 et
723 1288 803 1347 alter;

87 1370 102 1417 5
118 1366 260 1416 Annuimus
271 1367 367 1440 paritet
377 1368 455 1418 vetuli
467 1367 568 1432 notique
579 1368 695 1419 columbi.

118 1450 158 1499 Tu
168 1449 256 1500 nidum
267 1466 365 1504 servas:
385 1466 429 1515 ego
440 1449 515 1500 laudo
526 1450 592 1500 ruris
604 1450 697 1500 amoeni
897 1467 942 1507 nso.
956 1464 979 1507 Ο.
988 1467 1007 1506 1.
1016 1468 1036 1506 4.
1047 1467 1078 1506 14.

120 1532 199 1582 Rivos
211 1539 237 1582 et
247 1549 332 1582 museo
342 1532 482 1583 eireumlita
493 1550 555 1583 saxa
563 1549 705 1598 nemusque.

119 1615 187 1671 Quid
197 1615 306 1680 quaeris?
339 1616 404 1666 Vivo
415 1621 441 1665 et
451 1632 535 1680 regno,
547 1616 623 1665 simul
634 1616 684 1665 ista
695 1616 793 1681 reliqui,

9 1737 10 1760 ,
119 1699 179 1754 Quae
190 1715 236 1749 vos
248 1699 281 1748 ad
291 1700 378 1749 oaelum
390 1699 462 1748 fertis
473 1715 571 1749 rumore
583 1699 705 1750 seeundo:

10 1833 11 1838 ,
76 1786 104 1832 10
122 1777 204 1847 thue
216 1781 352 1832 sacerdotis
363 1782 485 1846 fugitivus
496 1782 549 1832 liba
560 1799 660 1841 reonso3

10 1867 11 1874 ’
119 1865 186 1915 Pane
199 1882 258 1930 egeo
264 1862 320 1930 jam
328 1861 433 1915 'mellitis
444 1865 541 1930 potiore
552 1865 683 1930 placentis.

120 1946 208 1998 Vivere
221 1955 318 1998 naturae
329 1947 351 1997 si
362 1948 537 1998 eonvenienter
547 1955 653 2013 oportet,

119 2030 289 2096 Ponendaeque
300 2031 372 2080 domo
383 2030 515 2096 quaerenda
526 2038 565 2081 est
575 2049 634 2081 area
644 2031 764 2096 primum,

120 2113 252 2162 Novistine
263 2114 343 2163 locum
354 2113 476 2178 potiorem
486 2130 544 2163 rure
555 2115 648 2164 beato?

10 2189 11 2240 l
76 2198 105 2245 15
121 2196 168 2245 Est
179 2196 222 2245 ubi
234 2196 291 2261 plus
302 2202 405 2261 tepeant
414 2195 516 2256 hiemes,
528 2197 572 2246 ubi
583 2196 679 2260 gratior
690 2213 752 2246 auro
897 2200 938 2255 sen
949 2206 973 2247 c.
984 2207 1003 2246 1.
1013 2207 1032 2246 6.
1043 2206 1073 2246 11.

120 2277 210 2327 Leniat
220 2285 246 2328 et
256 2279 352 2329 rabiem
364 2279 440 2329 (lanis
452 2286 477 2328 et
488 2285 613 2329 momenta
623 2279 722 2338 Leonis,
897 2290 943 2330 Leo.
956 2289 980 2330 c.
990 2291 1010 2331 3.
1020 2291 1051 2329 19.
1064 2291 1095 2329 111.

122 2361 183 2411 Cum
195 2362 272 2411 semel
283 2360 379 2426 aceepit
390 2362 471 2410 Solem
483 2361 633 2420 furibundus
642 2363 762 2411 acutum?

120 2444 167 2493 Est
177 2444 220 2494 ubi
233 2444 339 2494 divellat
350 2460 449 2494 somnos
460 2445 544 2493 minus
555 2444 643 2492 invida
653 2446 731 2493 eura?

120 2526 235 2576 Deterius
246 2525 348 2591 Libyeis
360 2527 412 2576 olet
422 2532 466 2575 aut
477 2525 542 2575 nitet
552 2526 630 2575 herba
640 2526 758 2591 lapillis?

74 2612 104 2660 20
120 2609 209 2658 Purior
219 2608 247 2658 in
257 2608 321 2659 vicis
332 2624 396 2673 aqua
407 2607 490 2657 tendit
500 2624 614 2672 rumpere
626 2609 765 2673 plumbum,
790 2617 794 2630 ‘

121 2692 199 2747 Quam
210 2707 265 2756 quae
277 2708 322 2757 par
332 2708 437 2756 pronum
448 2690 558 2756 trepidat
568 2708 624 2741 cnm
635 2708 760 2741 murmure
769 2692 871 2745 rivum?
896 2707 933 2744 tre.
946 2703 970 2744 c.
979 2704 998 2743 1.
1007 2703 1027 2744 1,
1038 2705 1068 2743 11.

152 2832 174 2865 x.
187 2825 206 2865 8.
220 2824 255 2866 ad.
295 2824 315 2865 9.
328 2822 418 2864 effertis.
454 2824 485 2865 13.
500 2823 662 2875 lquoerendost.
697 2826 730 2866 18.
743 2826 843 2876 depellat.
